<record><header><identifier>oai:alma.41SLSP_UGE:991000020029705502</identifier><datestamp>2023-03-01T01:08:52Z</datestamp><setSpec>uge_bcen_RapidILL_BOOK</setSpec><setSpec>uge_aaca_RapidILL_BOOK</setSpec><setSpec>uge_abels_RapidILL_BOOK</setSpec><setSpec>uge_dbu_RapidILL_BOOK</setSpec><setSpec>uge_cmu_RapidILL_BOOK</setSpec><setSpec>uge_mail_RapidILL_BOOK</setSpec><setSpec>UNIGE_ALL</setSpec><setSpec>uge_abbat_RapidILL_BOOK</setSpec><setSpec>uge_aobs_RapidILL_BOOK</setSpec><setSpec>uge_acar_RapidILL_BOOK</setSpec></header><metadata>
<record xmlns="http://www.loc.gov/MARC21/slim" xmlns:xsi="http://www.w3.org/2001/XMLSchema-instance" xsi:schemaLocation="http://www.loc.gov/MARC21/slim http://www.loc.gov/standards/marcxml/schema/MARC21slim.xsd"><leader>01819nam a2200481 c 4500</leader><controlfield tag="001">991000020029705502</controlfield><controlfield tag="005">20201229221829.0</controlfield><controlfield tag="008">201011s1979    gw ||||| |||| 00| ||ger d</controlfield><datafield ind1=" " ind2=" " tag="020"><subfield code="a">3596234247</subfield></datafield><datafield ind1=" " ind2=" " tag="035"><subfield code="a">(swissbib)214347524-41slsp_network</subfield></datafield><datafield ind1=" " ind2=" " tag="035"><subfield code="a">214347524</subfield><subfield code="9">ExL</subfield></datafield><datafield ind1=" " ind2=" " tag="035"><subfield code="a">(RERO)0745908-41slsp</subfield></datafield><datafield ind1=" " ind2=" " tag="035"><subfield code="a">(NEBIS)002592872EBI01</subfield></datafield><datafield ind1=" " ind2=" " tag="035"><subfield code="a">(EXLNZ-41SLSP_NETWORK)991039106969705501</subfield></datafield><datafield ind1=" " ind2=" " tag="040"><subfield code="a">RERO geudbu</subfield><subfield code="d">CH-ZuSLS</subfield></datafield><datafield ind1=" " ind2="7" tag="072"><subfield code="a">se</subfield><subfield code="2">rero</subfield></datafield><datafield ind1=" " ind2="7" tag="072"><subfield code="a">sp</subfield><subfield code="2">rero</subfield></datafield><datafield ind1="0" ind2="0" tag="082"><subfield code="a">940.5</subfield><subfield code="2">19</subfield></datafield><datafield ind1="0" ind2="4" tag="082"><subfield code="a">940.55</subfield></datafield><datafield ind1="1" ind2=" " tag="100"><subfield code="a">Löwenthal, Richard</subfield><subfield code="d">1908-1991</subfield><subfield code="0">(DE-588)118574027</subfield><subfield code="6">880-01</subfield></datafield><datafield ind1="1" ind2=" " tag="880"><subfield code="6">100-01</subfield><subfield code="a">Löwenthal, Richard</subfield><subfield code="d">1908-1991</subfield><subfield code="0">(IDREF)026998688</subfield><subfield code="4">cre</subfield></datafield><datafield ind1="1" ind2="0" tag="245"><subfield code="a">Gesellschaftswandel und Kulturkrise</subfield><subfield code="b">Zukunftsprobleme der westlichen Demokratien</subfield><subfield code="c">Richard Löwenthal</subfield></datafield><datafield ind1=" " ind2="1" tag="264"><subfield code="a">Frankfurt am Main</subfield><subfield code="b">Fischer Taschenbuch Verlag</subfield><subfield code="c">1979</subfield></datafield><datafield ind1=" " ind2=" " tag="300"><subfield code="a">298 p.</subfield><subfield code="c">18 cm</subfield></datafield><datafield ind1=" " ind2=" " tag="336"><subfield code="b">txt</subfield><subfield code="2">rdacontent</subfield></datafield><datafield ind1=" " ind2=" " tag="337"><subfield code="b">n</subfield><subfield code="2">rdamedia</subfield></datafield><datafield ind1=" " ind2=" " tag="338"><subfield code="b">nc</subfield><subfield code="2">rdacarrier</subfield></datafield><datafield ind1="1" ind2=" " tag="490"><subfield code="a">Fischer Taschenbücher</subfield><subfield code="v">3424</subfield></datafield><datafield ind1=" " ind2="7" tag="650"><subfield code="a">Demokratie</subfield><subfield code="0">(DE-588)4011413-2</subfield><subfield code="2">gnd</subfield></datafield><datafield ind1=" " ind2="7" tag="650"><subfield code="a">Gesellschaft</subfield><subfield code="0">(DE-588)4020588-5</subfield><subfield code="2">gnd</subfield></datafield><datafield ind1=" " ind2="7" tag="650"><subfield code="a">Gesellschaftskritik</subfield><subfield code="0">(DE-588)4020643-9</subfield><subfield code="2">gnd</subfield></datafield><datafield ind1=" " ind2="7" tag="650"><subfield code="a">Industriegesellschaft</subfield><subfield code="0">(DE-588)4026828-7</subfield><subfield code="2">gnd</subfield></datafield><datafield ind1=" " ind2="7" tag="650"><subfield code="a">Krise</subfield><subfield code="0">(DE-588)4033203-2</subfield><subfield code="2">gnd</subfield></datafield><datafield ind1=" " ind2="7" tag="650"><subfield code="a">Kulturkrise</subfield><subfield code="0">(DE-588)4165981-8</subfield><subfield code="2">gnd</subfield></datafield><datafield ind1=" " ind2="0" tag="651"><subfield code="a">Europe</subfield><subfield code="x">Civilization</subfield><subfield code="y">1945-</subfield></datafield><datafield ind1=" " ind2="0" tag="651"><subfield code="a">Europe</subfield><subfield code="x">Politics and government</subfield><subfield code="y">1945-</subfield></datafield><datafield ind1=" " ind2="0" tag="651"><subfield code="a">Germany (West)</subfield><subfield code="x">Politics and government</subfield></datafield><datafield ind1=" " ind2="7" tag="655"><subfield code="a">Aufsatzsammlung</subfield><subfield code="2">gnd-content</subfield></datafield><datafield ind1=" " ind2=" " tag="690"><subfield code="a">Gesellschaftskritik / 1975- ersch.</subfield><subfield code="2">uzb-Z9</subfield></datafield><datafield ind1=" " ind2=" " tag="690"><subfield code="a">Kulturkrise</subfield><subfield code="2">uzb-Z9</subfield></datafield><datafield ind1=" " ind2=" " tag="830"><subfield code="a">Forum Wissenschaft, Figuren des Wissens</subfield><subfield code="v">3424</subfield><subfield code="w">(NEBIS)000058916EBI01</subfield></datafield><datafield ind1=" " ind2=" " tag="830"><subfield code="a">Fischer Taschenbücher</subfield><subfield code="v">3424</subfield><subfield code="w">(RERO)0445464-41slsp</subfield></datafield><datafield ind1=" " ind2=" " tag="900"><subfield code="a">REROnoselfmerge</subfield></datafield><datafield ind1=" " ind2=" " tag="900"><subfield code="a">IDSERMedeaSOZARCH</subfield></datafield></record>
</metadata></record>