<record><header><identifier>oai:alma.41SLSP_UGE:991000020569705502</identifier><datestamp>2024-03-09T01:34:00Z</datestamp><setSpec>uge_bcen_RapidILL_BOOK</setSpec><setSpec>uge_aaca_RapidILL_BOOK</setSpec><setSpec>uge_abels_RapidILL_BOOK</setSpec><setSpec>uge_dbu_RapidILL_BOOK</setSpec><setSpec>uge_cmu_RapidILL_BOOK</setSpec><setSpec>uge_mail_RapidILL_BOOK</setSpec><setSpec>uge_abbat_RapidILL_BOOK</setSpec><setSpec>UNIGE_ALL</setSpec><setSpec>uge_acar_RapidILL_BOOK</setSpec><setSpec>uge_aobs_RapidILL_BOOK</setSpec></header><metadata>
<record xmlns="http://www.loc.gov/MARC21/slim" xmlns:xsi="http://www.w3.org/2001/XMLSchema-instance" xsi:schemaLocation="http://www.loc.gov/MARC21/slim http://www.loc.gov/standards/marcxml/schema/MARC21slim.xsd"><leader>01625nam a2200469 c 4500</leader><controlfield tag="001">991000020569705502</controlfield><controlfield tag="005">20240308213826.0</controlfield><controlfield tag="008">201012s1937    sz ||||| m||| 00| ||ger d</controlfield><datafield ind1=" " ind2=" " tag="035"><subfield code="a">(swissbib)237600269-41slsp_network</subfield></datafield><datafield ind1=" " ind2=" " tag="035"><subfield code="a">237600269</subfield><subfield code="9">ExL</subfield></datafield><datafield ind1=" " ind2=" " tag="035"><subfield code="a">(RERO)0435111-41slsp</subfield></datafield><datafield ind1=" " ind2=" " tag="035"><subfield code="a">(IDSBB)001018530DSV01</subfield></datafield><datafield ind1=" " ind2=" " tag="035"><subfield code="a">(NEBIS)005256815EBI01</subfield></datafield><datafield ind1=" " ind2=" " tag="035"><subfield code="a">(IDSSG)000096682HSB01</subfield></datafield><datafield ind1=" " ind2=" " tag="035"><subfield code="a">(IDSLU)000877835ILU01</subfield></datafield><datafield ind1=" " ind2=" " tag="035"><subfield code="a">(ABN)000112845ABN01</subfield></datafield><datafield ind1=" " ind2=" " tag="035"><subfield code="a">(EXLNZ-41SLSP_NETWORK)991043789799705501</subfield></datafield><datafield ind1=" " ind2=" " tag="040"><subfield code="a">RERO</subfield><subfield code="d">CH-ZuSLS</subfield></datafield><datafield ind1=" " ind2="7" tag="072"><subfield code="a">dr</subfield><subfield code="2">rero</subfield></datafield><datafield ind1=" " ind2="7" tag="072"><subfield code="a">rf</subfield><subfield code="2">SzZuIDS BS/BE</subfield></datafield><datafield ind1="1" ind2="4" tag="082"><subfield code="a">340</subfield><subfield code="2">15</subfield></datafield><datafield ind1=" " ind2=" " tag="084"><subfield code="a">CA/CH-AG 37 h</subfield><subfield code="2">cjurrom</subfield></datafield><datafield ind1=" " ind2=" " tag="084"><subfield code="a">CA/CH-AG 56 h</subfield><subfield code="2">cjurrom</subfield></datafield><datafield ind1="1" ind2=" " tag="100"><subfield code="6">880-01</subfield><subfield code="a">Keller, Verena</subfield><subfield code="0">(RERO)A021678301</subfield><subfield code="4">cre</subfield></datafield><datafield ind1="1" ind2=" " tag="880"><subfield code="a">Keller, Verena</subfield><subfield code="6">100-01/(B</subfield><subfield code="4">aut</subfield><subfield code="0">(DE-588)1214846742</subfield></datafield><datafield ind1="1" ind2="0" tag="245"><subfield code="a">&lt;&lt;Der&gt;&gt; Bürgernutzen im Aargau und seine Beziehungen zum Armenwesen</subfield><subfield code="c">von Verena Keller</subfield></datafield><datafield ind1=" " ind2="1" tag="264"><subfield code="a">Aarau</subfield><subfield code="c">1937</subfield></datafield><datafield ind1=" " ind2=" " tag="300"><subfield code="a">140 S.</subfield><subfield code="c">23x16 cm</subfield></datafield><datafield ind1=" " ind2=" " tag="336"><subfield code="b">txt</subfield><subfield code="2">rdacontent</subfield></datafield><datafield ind1=" " ind2=" " tag="337"><subfield code="b">n</subfield><subfield code="2">rdamedia</subfield></datafield><datafield ind1=" " ind2=" " tag="338"><subfield code="b">nc</subfield><subfield code="2">rdacarrier</subfield></datafield><datafield ind1=" " ind2=" " tag="502"><subfield code="a">Diss. jur. Fak. Bern, 1935</subfield></datafield><datafield ind1=" " ind2=" " tag="502"><subfield code="a">Inaugural-Diss. Univ. Bern, 1937</subfield></datafield><datafield ind1=" " ind2="7" tag="650"><subfield code="a">Sozialhilfe</subfield><subfield code="9">ger</subfield><subfield code="0">(RERO)jurivoc000020503ger</subfield><subfield code="2">jurivoc</subfield></datafield><datafield ind1=" " ind2="7" tag="650"><subfield code="a">kantonales Recht</subfield><subfield code="9">ger</subfield><subfield code="0">(RERO)jurivoc000012405ger</subfield><subfield code="2">jurivoc</subfield></datafield><datafield ind1=" " ind2="4" tag="650"><subfield code="a">Bürgervermögen</subfield></datafield><datafield ind1=" " ind2="7" tag="650"><subfield code="a">Armut</subfield><subfield code="0">(DE-STW)10488-1</subfield><subfield code="2">stw</subfield></datafield><datafield ind1=" " ind2="7" tag="651"><subfield code="a">Schweiz</subfield><subfield code="9">ger</subfield><subfield code="0">(RERO)jurivoc000019912ger</subfield><subfield code="2">jurivoc</subfield></datafield><datafield ind1=" " ind2="7" tag="651"><subfield code="a">Aargau</subfield><subfield code="9">ger</subfield><subfield code="0">(RERO)jurivoc000000070ger</subfield><subfield code="2">jurivoc</subfield></datafield><datafield ind1=" " ind2="4" tag="651"><subfield code="a">Aargau</subfield></datafield><datafield ind1=" " ind2="7" tag="655"><subfield code="a">Hochschulschrift</subfield><subfield code="2">gnd-content</subfield></datafield><datafield ind1=" " ind2=" " tag="900"><subfield code="a">IDSZ2rwidis200610i</subfield><subfield code="c">IDSZ2paru 061025</subfield></datafield><datafield ind1=" " ind2=" " tag="900"><subfield code="f">IDSU2medea</subfield></datafield></record>
</metadata></record>