<record><header><identifier>oai:alma.41SLSP_UGE:991000051769705502</identifier><datestamp>2024-11-08T01:42:19Z</datestamp><setSpec>uge_bcen_RapidILL_BOOK</setSpec><setSpec>uge_aaca_RapidILL_BOOK</setSpec><setSpec>uge_abels_RapidILL_BOOK</setSpec><setSpec>uge_dbu_RapidILL_BOOK</setSpec><setSpec>uge_cmu_RapidILL_BOOK</setSpec><setSpec>uge_mail_RapidILL_BOOK</setSpec><setSpec>uge_abbat_RapidILL_BOOK</setSpec><setSpec>UNIGE_ALL</setSpec><setSpec>uge_acar_RapidILL_BOOK</setSpec><setSpec>uge_aobs_RapidILL_BOOK</setSpec></header><metadata>
<record xmlns="http://www.loc.gov/MARC21/slim" xmlns:xsi="http://www.w3.org/2001/XMLSchema-instance" xsi:schemaLocation="http://www.loc.gov/MARC21/slim http://www.loc.gov/standards/marcxml/schema/MARC21slim.xsd"><leader>01451nam a22003612c 4500</leader><controlfield tag="001">991000051769705502</controlfield><controlfield tag="005">20231120164619.0</controlfield><controlfield tag="008">201011s1893    gw            00| | grc|d</controlfield><datafield ind1=" " ind2=" " tag="035"><subfield code="a">(swissbib)219746141-41slsp_network</subfield></datafield><datafield ind1=" " ind2=" " tag="035"><subfield code="a">219746141</subfield><subfield code="9">ExL</subfield></datafield><datafield ind1=" " ind2=" " tag="035"><subfield code="a">(IDSBB)003745510DSV01</subfield></datafield><datafield ind1=" " ind2=" " tag="035"><subfield code="a">(RERO)0471251-41slsp</subfield></datafield><datafield ind1=" " ind2=" " tag="035"><subfield code="a">(EXLNZ-41SLSP_NETWORK)991053528529705501</subfield></datafield><datafield ind1=" " ind2=" " tag="040"><subfield code="a">ZBZ</subfield><subfield code="e">kids</subfield><subfield code="d">CH-ZuSLS</subfield></datafield><datafield ind1="0" ind2=" " tag="041"><subfield code="a">grc</subfield><subfield code="a">lat</subfield></datafield><datafield ind1=" " ind2="7" tag="072"><subfield code="a">gr</subfield><subfield code="2">rero</subfield></datafield><datafield ind1="1" ind2=" " tag="080"><subfield code="a">1&quot;-0355&quot;Ari89</subfield></datafield><datafield ind1="0" ind2=" " tag="100"><subfield code="6">880-01</subfield><subfield code="a">Anonymus</subfield><subfield code="c">Londinensis</subfield><subfield code="0">(DE-588)102386617</subfield></datafield><datafield ind1="0" ind2=" " tag="880"><subfield code="6">100-01</subfield><subfield code="a">Anonymus</subfield><subfield code="c">Londinensis</subfield><subfield code="0">(RERO)A002932143</subfield><subfield code="4">cre</subfield></datafield><datafield ind1="1" ind2="0" tag="240"><subfield code="a">Fragmenta</subfield></datafield><datafield ind1="1" ind2="0" tag="245"><subfield code="a">Anonymi Londinensis ex Aristotelis iatricis menoniis et aliis medicis eclogae</subfield><subfield code="c">consilio et auctoritate Academiae Litterarum Regiae Borussicae ; ed. Hermannus Diels</subfield></datafield><datafield ind1=" " ind2="1" tag="264"><subfield code="a">Berolini [Berlin]</subfield><subfield code="b">typis et impensis Georgii Reimeri</subfield><subfield code="c">1893</subfield></datafield><datafield ind1=" " ind2=" " tag="300"><subfield code="a">XVII, 116 p.</subfield><subfield code="b">ill.</subfield><subfield code="c">27 cm</subfield></datafield><datafield ind1=" " ind2=" " tag="336"><subfield code="b">txt</subfield><subfield code="2">rdacontent</subfield></datafield><datafield ind1=" " ind2=" " tag="337"><subfield code="b">n</subfield><subfield code="2">rdamedia</subfield></datafield><datafield ind1=" " ind2=" " tag="338"><subfield code="b">nc</subfield><subfield code="2">rdacarrier</subfield></datafield><datafield ind1="1" ind2=" " tag="490"><subfield code="a">Supplementum Aristotelicum</subfield><subfield code="v">Vol. 3, pars 1</subfield></datafield><datafield ind1=" " ind2=" " tag="500"><subfield code="a">Text griech., Vorw. lat.</subfield></datafield><datafield ind1="1" ind2=" " tag="700"><subfield code="a">Diels, Hermann</subfield><subfield code="d">1848-1922</subfield><subfield code="6">880-02</subfield><subfield code="0">(DE-588)119061457</subfield></datafield><datafield ind1="1" ind2=" " tag="880"><subfield code="6">700-02</subfield><subfield code="a">Diels, Hermann</subfield><subfield code="d">1848-1922</subfield><subfield code="0">(IDREF)032164564</subfield></datafield><datafield ind1="2" ind2=" " tag="710"><subfield code="a">Königliche Akademie der Wissenschaften</subfield><subfield code="g">Berlin</subfield><subfield code="0">(DE-588)15514-7</subfield></datafield><datafield ind1=" " ind2=" " tag="830"><subfield code="a">Supplementum Aristotelicum</subfield><subfield code="v">3/1</subfield><subfield code="w">(IDSBB)003632924DSV01</subfield></datafield><datafield ind1=" " ind2=" " tag="830"><subfield code="a">Supplementum Aristotelicum</subfield><subfield code="v">3,1</subfield><subfield code="w">(RERO)0471229-41slsp</subfield></datafield><datafield ind1=" " ind2=" " tag="900"><subfield code="a">REROnoselfmerge</subfield></datafield></record>
</metadata></record>