<record><header><identifier>oai:alma.41SLSP_UGE:991000020149705502</identifier><datestamp>2024-11-15T01:10:16Z</datestamp><setSpec>uge_bcen_RapidILL_BOOK</setSpec><setSpec>uge_aaca_RapidILL_BOOK</setSpec><setSpec>uge_abels_RapidILL_BOOK</setSpec><setSpec>uge_dbu_RapidILL_BOOK</setSpec><setSpec>uge_cmu_RapidILL_BOOK</setSpec><setSpec>uge_mail_RapidILL_BOOK</setSpec><setSpec>uge_abbat_RapidILL_BOOK</setSpec><setSpec>UNIGE_ALL</setSpec><setSpec>uge_aobs_RapidILL_BOOK</setSpec><setSpec>uge_acar_RapidILL_BOOK</setSpec></header><metadata>
<record xmlns="http://www.loc.gov/MARC21/slim" xmlns:xsi="http://www.w3.org/2001/XMLSchema-instance" xsi:schemaLocation="http://www.loc.gov/MARC21/slim http://www.loc.gov/standards/marcxml/schema/MARC21slim.xsd"><leader>02626nam a2200625 c 4500</leader><controlfield tag="001">991000020149705502</controlfield><controlfield tag="005">20241114170417.0</controlfield><controlfield tag="008">201011t19911991fr ||||| |||| 00| ||fre d</controlfield><datafield ind1=" " ind2=" " tag="020"><subfield code="a">2907757415</subfield></datafield><datafield ind1="7" ind2=" " tag="024"><subfield code="a">http://catalogue.bnf.fr/ark:/12148/cb35523317m</subfield><subfield code="2">uri</subfield></datafield><datafield ind1=" " ind2=" " tag="035"><subfield code="a">(swissbib)217216676-41slsp_network</subfield></datafield><datafield ind1=" " ind2=" " tag="035"><subfield code="a">217216676</subfield><subfield code="9">ExL</subfield></datafield><datafield ind1=" " ind2=" " tag="035"><subfield code="a">(RERO)1512139-41slsp</subfield></datafield><datafield ind1=" " ind2=" " tag="035"><subfield code="a">(IDSBB)000798234DSV01</subfield></datafield><datafield ind1=" " ind2=" " tag="035"><subfield code="a">(NEBIS)000616720EBI01</subfield></datafield><datafield ind1=" " ind2=" " tag="035"><subfield code="a">(SBT)000755500SBT01</subfield></datafield><datafield ind1=" " ind2=" " tag="035"><subfield code="a">(EXLNZ-41SLSP_NETWORK)991083969889705501</subfield></datafield><datafield ind1=" " ind2=" " tag="040"><subfield code="a">RERO geulha</subfield><subfield code="d">CH-ZuSLS</subfield></datafield><datafield ind1=" " ind2="7" tag="072"><subfield code="a">kh</subfield><subfield code="2">SzZuIDS BS/BE</subfield></datafield><datafield ind1=" " ind2="7" tag="072"><subfield code="a">at</subfield><subfield code="2">rero</subfield></datafield><datafield ind1=" " ind2=" " tag="084"><subfield code="a">9,10</subfield><subfield code="2">ssgn</subfield></datafield><datafield ind1=" " ind2=" " tag="084"><subfield code="a">LI 52060</subfield><subfield code="2">rvk</subfield></datafield><datafield ind1="1" ind2=" " tag="100"><subfield code="a">Ledoux, Claude Nicolas</subfield><subfield code="d">1736-1806</subfield><subfield code="0">(DE-588)118570781</subfield><subfield code="6">880-01</subfield></datafield><datafield ind1="1" ind2=" " tag="880"><subfield code="a">Ledoux, Claude-Nicolas</subfield><subfield code="0">(RERO)A003506910</subfield><subfield code="4">cre</subfield><subfield code="6">100-01</subfield></datafield><datafield ind1="1" ind2="0" tag="245"><subfield code="a">Architecture de Ledoux</subfield><subfield code="b">inédits pour un tome III</subfield><subfield code="c">Précédés d'un texte de Michel Gallet</subfield></datafield><datafield ind1="1" ind2=" " tag="246"><subfield code="a">Inédits pour un tome III</subfield></datafield><datafield ind1="1" ind2=" " tag="246"><subfield code="a">Inédits pour un tome 3</subfield></datafield><datafield ind1="1" ind2=" " tag="246"><subfield code="a">Architecture</subfield></datafield><datafield ind1="1" ind2="3" tag="246"><subfield code="a">Inédits pour un tome troisième</subfield></datafield><datafield ind1=" " ind2="1" tag="264"><subfield code="a">Paris</subfield><subfield code="b">Ed. du Demi-Cercle</subfield><subfield code="c">1991</subfield></datafield><datafield ind1=" " ind2="4" tag="264"><subfield code="c">©1991</subfield></datafield><datafield ind1=" " ind2=" " tag="300"><subfield code="a">205 S., 100 Taf.</subfield><subfield code="c">35 cm</subfield><subfield code="b">Ill.</subfield></datafield><datafield ind1=" " ind2=" " tag="336"><subfield code="b">txt</subfield><subfield code="2">rdacontent</subfield></datafield><datafield ind1=" " ind2=" " tag="337"><subfield code="b">n</subfield><subfield code="2">rdamedia</subfield></datafield><datafield ind1=" " ind2=" " tag="338"><subfield code="b">nc</subfield><subfield code="2">rdacarrier</subfield></datafield><datafield ind1="1" ind2=" " tag="490"><subfield code="a">Documents</subfield></datafield><datafield ind1=" " ind2=" " tag="500"><subfield code="a">Bezieht sich auf die Ausg.: Architecture / de Claude Nicolas Ledoux ; éd.: Daniel Ramée. Vol. 1-2. Paris, 1847</subfield></datafield><datafield ind1=" " ind2=" " tag="500"><subfield code="a">Rückentitel: Inédits pour un tome 3</subfield></datafield><datafield ind1="1" ind2="7" tag="600"><subfield code="a">Ledoux, Claude Nicolas</subfield><subfield code="d">1736-1806</subfield><subfield code="0">(IDREF)027319407</subfield><subfield code="2">idref</subfield></datafield><datafield ind1="1" ind2="7" tag="600"><subfield code="a">Ledoux, Claude-Nicolas</subfield><subfield code="2">idsbb</subfield></datafield><datafield ind1="1" ind2="7" tag="600"><subfield code="a">Ledoux, Claude Nicolas</subfield><subfield code="d">1736-1806</subfield><subfield code="0">(DE-588)118570781</subfield><subfield code="2">gnd</subfield></datafield><datafield ind1="1" ind2="7" tag="600"><subfield code="a">Ledoux, Claude-Nicolas</subfield><subfield code="2">sbt12</subfield></datafield><datafield ind1=" " ind2="7" tag="650"><subfield code="a">ARCHITEKTUR</subfield><subfield code="9">ger</subfield><subfield code="0">(ETHUDK)000035449</subfield><subfield code="2">ethudk</subfield></datafield><datafield ind1=" " ind2="7" tag="650"><subfield code="a">ARCHITEKTURZEICHNUNGEN + ARCHITEKTONISCHE VORARBEITEN</subfield><subfield code="9">ger</subfield><subfield code="0">(ETHUDK)000035467</subfield><subfield code="2">ethudk</subfield></datafield><datafield ind1=" " ind2="7" tag="650"><subfield code="a">BIOGRAPHIEN (LEBEN UND WERK)</subfield><subfield code="9">ger</subfield><subfield code="0">(ETHUDK)000036789</subfield><subfield code="2">ethudk</subfield></datafield><datafield ind1=" " ind2="7" tag="650"><subfield code="a">FRANKREICH (WESTEUROPA). FRANZÖSISCHE REPUBLIK</subfield><subfield code="9">ger</subfield><subfield code="0">(ETHUDK)000003272</subfield><subfield code="2">ethudk</subfield></datafield><datafield ind1=" " ind2="7" tag="650"><subfield code="a">KLASSIZISMUS, 18.-19. JAHRHUNDERT (ARCHITEKTUR)</subfield><subfield code="9">ger</subfield><subfield code="0">(ETHUDK)000035505</subfield><subfield code="2">ethudk</subfield></datafield><datafield ind1=" " ind2="7" tag="650"><subfield code="a">PROJEKTIERUNG, ENTWURF, PLANUNG (ARCHITEKTUR)</subfield><subfield code="9">ger</subfield><subfield code="0">(ETHUDK)000035456</subfield><subfield code="2">ethudk</subfield></datafield><datafield ind1=" " ind2="7" tag="650"><subfield code="a">&quot;1736/1806&quot;</subfield><subfield code="2">ethudk</subfield></datafield><datafield ind1=" " ind2=" " tag="690"><subfield code="a">Ledoux, Claude-Nicolas</subfield><subfield code="2">uzb-US</subfield></datafield><datafield ind1=" " ind2=" " tag="690"><subfield code="a">Revolutionsarchitektur</subfield><subfield code="2">uzb-US</subfield></datafield><datafield ind1="1" ind2=" " tag="700"><subfield code="a">Gallet, Michel</subfield><subfield code="d">1927-2019</subfield><subfield code="0">(DE-588)188346740</subfield><subfield code="6">880-02</subfield></datafield><datafield ind1="1" ind2=" " tag="880"><subfield code="a">Gallet, Michel</subfield><subfield code="d">1927-</subfield><subfield code="0">(RERO)A027286954</subfield><subfield code="6">700-02</subfield></datafield><datafield ind1=" " ind2=" " tag="830"><subfield code="a">Documents</subfield><subfield code="p">Ed. du Demi-Cercle</subfield><subfield code="w">(RERO)1512145-41slsp</subfield></datafield><datafield ind1=" " ind2=" " tag="900"><subfield code="a">REROnoselfmerge</subfield></datafield><datafield ind1=" " ind2=" " tag="900"><subfield code="a">NEBISnoselfmerge</subfield></datafield><datafield ind1=" " ind2=" " tag="993"><subfield code="a">BFLC 303</subfield><subfield code="x">ge/ulha/a/92/117</subfield><subfield code="9">LOCAL</subfield></datafield></record>
</metadata></record>