<record><header><identifier>oai:alma.41SLSP_UGE:991000003379705502</identifier><datestamp>2024-06-28T00:09:19Z</datestamp><setSpec>uge_bcen_RapidILL_BOOK</setSpec><setSpec>uge_aaca_RapidILL_BOOK</setSpec><setSpec>uge_abels_RapidILL_BOOK</setSpec><setSpec>uge_dbu_RapidILL_BOOK</setSpec><setSpec>uge_cmu_RapidILL_BOOK</setSpec><setSpec>uge_mail_RapidILL_BOOK</setSpec><setSpec>uge_abbat_RapidILL_BOOK</setSpec><setSpec>UNIGE_ALL</setSpec><setSpec>uge_aobs_RapidILL_BOOK</setSpec><setSpec>uge_acar_RapidILL_BOOK</setSpec></header><metadata>
<record xmlns="http://www.loc.gov/MARC21/slim" xmlns:xsi="http://www.w3.org/2001/XMLSchema-instance" xsi:schemaLocation="http://www.loc.gov/MARC21/slim http://www.loc.gov/standards/marcxml/schema/MARC21slim.xsd"><leader>07979nam a2200709 c 4500</leader><controlfield tag="001">991000003379705502</controlfield><controlfield tag="005">20240410143715.0</controlfield><controlfield tag="008">201012s2008    gw ||||| |||| 00| ||ger d</controlfield><datafield ind1=" " ind2=" " tag="015"><subfield code="a">GFR-DNB-08,N35,0287</subfield></datafield><datafield ind1="7" ind2=" " tag="016"><subfield code="a">989941213</subfield><subfield code="2">GyFmDB</subfield></datafield><datafield ind1=" " ind2=" " tag="020"><subfield code="a">9783406577871</subfield><subfield code="q">Pb.</subfield><subfield code="c">ca. sfr 52.40 (freier Pr.), ca. EUR 30.00</subfield></datafield><datafield ind1=" " ind2=" " tag="035"><subfield code="a">(swissbib)238704998-41slsp_network</subfield></datafield><datafield ind1=" " ind2=" " tag="035"><subfield code="a">238704998</subfield><subfield code="9">ExL</subfield></datafield><datafield ind1=" " ind2=" " tag="035"><subfield code="a">(RERO)R005163900-41slsp</subfield></datafield><datafield ind1=" " ind2=" " tag="035"><subfield code="a">(IDSLU)000577818ILU01</subfield></datafield><datafield ind1=" " ind2=" " tag="035"><subfield code="a">(IDSBB)004659962DSV01</subfield></datafield><datafield ind1=" " ind2=" " tag="035"><subfield code="a">(NEBIS)005676119EBI01</subfield></datafield><datafield ind1=" " ind2=" " tag="035"><subfield code="a">(IDSSG)000467424HSB01</subfield></datafield><datafield ind1=" " ind2=" " tag="035"><subfield code="a">(EXLNZ-41SLSP_NETWORK)991156334239705501</subfield></datafield><datafield ind1=" " ind2=" " tag="040"><subfield code="a">RERO laisdc</subfield><subfield code="d">CH-ZuSLS</subfield></datafield><datafield ind1=" " ind2="7" tag="072"><subfield code="a">dr</subfield><subfield code="2">rero</subfield></datafield><datafield ind1=" " ind2="7" tag="072"><subfield code="a">811</subfield><subfield code="2">IDS LU</subfield></datafield><datafield ind1=" " ind2="7" tag="072"><subfield code="a">rw</subfield><subfield code="2">SzZuIDS BS/BE</subfield></datafield><datafield ind1="0" ind2="4" tag="082"><subfield code="a">345</subfield><subfield code="2">22/ger</subfield></datafield><datafield ind1="1" ind2="4" tag="082"><subfield code="a">341.77</subfield><subfield code="2">21</subfield></datafield><datafield ind1="1" ind2="4" tag="082"><subfield code="a">340</subfield><subfield code="2">15</subfield></datafield><datafield ind1=" " ind2=" " tag="084"><subfield code="a">D 19 g</subfield><subfield code="2">cjurrom</subfield></datafield><datafield ind1=" " ind2=" " tag="084"><subfield code="a">PH 2770</subfield><subfield code="2">rvk</subfield></datafield><datafield ind1=" " ind2=" " tag="084"><subfield code="a">PH 6005</subfield><subfield code="2">rvk</subfield></datafield><datafield ind1=" " ind2=" " tag="084"><subfield code="a">PH 750</subfield><subfield code="2">rvk</subfield></datafield><datafield ind1=" " ind2=" " tag="084"><subfield code="a">PH 7520</subfield><subfield code="2">rvk</subfield></datafield><datafield ind1="1" ind2=" " tag="100"><subfield code="6">880-01</subfield><subfield code="a">Ambos, Kai</subfield><subfield code="d">1965-....</subfield><subfield code="0">(IDREF)033286973</subfield><subfield code="4">aut</subfield></datafield><datafield ind1="1" ind2=" " tag="880"><subfield code="a">Ambos, Kai</subfield><subfield code="d">1965-</subfield><subfield code="6">100-01</subfield><subfield code="0">(DE-588)124992935</subfield><subfield code="4">aut</subfield></datafield><datafield ind1="1" ind2="0" tag="245"><subfield code="a">Internationales Strafrecht</subfield><subfield code="b">Strafanwendungsrecht, Völkerstrafrecht, Europäisches Strafrecht : ein Studienbuch</subfield><subfield code="c">von Kai Ambos ; unter Mitarbeit von Ignaz Stegmiller ... [et al.]</subfield></datafield><datafield ind1=" " ind2=" " tag="250"><subfield code="a">2., völlig überarb. u. erweiterte Aufl.</subfield></datafield><datafield ind1=" " ind2="1" tag="264"><subfield code="a">München</subfield><subfield code="b">C.H. Beck</subfield><subfield code="c">2008</subfield></datafield><datafield ind1=" " ind2=" " tag="300"><subfield code="a">555 S.</subfield><subfield code="b">Ill.</subfield><subfield code="c">24 cm</subfield></datafield><datafield ind1=" " ind2=" " tag="336"><subfield code="b">txt</subfield><subfield code="2">rdacontent</subfield></datafield><datafield ind1=" " ind2=" " tag="337"><subfield code="b">n</subfield><subfield code="2">rdamedia</subfield></datafield><datafield ind1=" " ind2=" " tag="338"><subfield code="b">nc</subfield><subfield code="2">rdacarrier</subfield></datafield><datafield ind1="0" ind2=" " tag="490"><subfield code="a">Juristische Kurz-Lehrbücher</subfield></datafield><datafield ind1="0" ind2=" " tag="490"><subfield code="a">Kurzlehrbücher für das juristische Studium</subfield></datafield><datafield ind1=" " ind2=" " tag="504"><subfield code="a">Bibliogr.</subfield></datafield><datafield ind1="2" ind2="7" tag="610"><subfield code="a">Europäische Union</subfield><subfield code="0">(DE-588)5098525-5</subfield><subfield code="2">gnd</subfield></datafield><datafield ind1=" " ind2="7" tag="650"><subfield code="a">Droit pénal international</subfield><subfield code="0">(IDREF)031019706</subfield><subfield code="2">idref</subfield></datafield><datafield ind1=" " ind2="7" tag="650"><subfield code="a">Internationales Strafrecht</subfield><subfield code="0">(DE-588)4162101-3</subfield><subfield code="2">gnd</subfield></datafield><datafield ind1=" " ind2="7" tag="650"><subfield code="a">Völkerstrafrecht</subfield><subfield code="0">(DE-588)4188481-4</subfield><subfield code="2">gnd</subfield></datafield><datafield ind1=" " ind2="7" tag="651"><subfield code="a">Deutschland</subfield><subfield code="0">(DE-588)4011882-4</subfield><subfield code="2">gnd</subfield></datafield><datafield ind1=" " ind2="7" tag="655"><subfield code="a">Manuels d'enseignement</subfield><subfield code="0">(IDREF)027446514</subfield><subfield code="2">idref</subfield></datafield><datafield ind1=" " ind2="7" tag="655"><subfield code="a">Lehrbuch</subfield><subfield code="2">gnd-content</subfield></datafield><datafield ind1=" " ind2=" " tag="690"><subfield code="a">Landgericht; Strafverfahren; EU-Recht; Gesetz; Garantie; Souveränität; Folter; Prinzip; Abkommen; Kriegsverbrechen; Anstiftung; Absatz</subfield><subfield code="2">idssg-J</subfield></datafield><datafield ind1=" " ind2=" " tag="690"><subfield code="a">Völkerstrafrecht; Tatnorm; Rechtslage; Einzeltat; Auslegungsmethode; Beweisregel; Durchführungsabkommen; Flaggenprinzip; Genozidkonvention; Hauptverfahren; IStGH-Statut; IStGPI-Statut; Kompetenzverteilungsprinzip; Loyalitätsgebot; Nichteinmischungsgrundsatz; Personalitätsgrundsatz; Personalitätsprinzip; Rechtshilfeabkommen; Schutzgrundsatz; Sitzprinzip; Strafanwendungsrecht; Vorermittlungsverfahren; Völkerstrafprozessrecht; Weltrechtsprinzip; Zwischenverfahren; Gesamttat; Anwendungsvorrang; Begehungszusammenhang; Teilnahme; Waffengleichheit; Hauptverhandlung; Meinungsäußerung; Strafrechtsangleichung; Strafrechtspflege; Tathandlung; Zurechnungslehre; Alternativvorschlag; Einzeltäterschaft; Gemeinschaftstreue; Gesamtbetrachtung; Kontextelement; Rauschzustand; Rechtspflegedelikt; Schuldunfähigkeit; Strafrechtssetzungskompetenz; Strafverzicht; Vorgesetztenverantwortlichkeit; Kommissionsvorschlag; Nötigungsnotstand; Strafzumessung; Verbrechensaufbau; Zusammenarbeitsregelung; Absichtserfordernis; Alleintäterschaft; Anknüpfungspunkt; Ausgangspunkt; Auslieferungsübereinkommen; Bindungswirkung; Enterprise; Entstehungsgeschichte; Familienleben; Grundform; Individualrechtsgut; Jurisdiktionskonflikt; Kollektivrechtsgut; Kooperationspflicht; Makrobereich; Mikrobereich; Notwehr; Personengruppe; Quellenverzeichnis; Rechtshilfeübereinkommen; Rechtsnatur; Sachverzeichnis; Straffreistellungsgrund; Strafgerichtshof; Strafgewalt; Studienbuch; Tatbegriff; Tatbestand; UN-Ad-Hoc-Tribunal; Vollstreckungskomponente; Zivilbevölkerung; Zulässigkeitsvoraussetzung; Zusatzprotokoll; Überstellungsübereinkommen</subfield><subfield code="2">idssg-J</subfield></datafield><datafield ind1=" " ind2=" " tag="690"><subfield code="a">Mehrfache Strafgewalt; ausgedehnter Angriff; enge Zusammenarbeit; legitimierender Anknüpfungspunkt; primäres Gemeinschaftsrecht; sonstiger Rechter; spezifisches Abkommen; ständiger Strafgerichtshof; überarbeitete Auflage; Materiell-strafrechtliches Abkommen; aktiver Personalitätsgrundsatz; allgemeiner Grundsatz; allgemeiner Teil; beliebige Zivilbevölkerung; besonderes Absichtserfordernis; besonderer Teil; betroffenes Interesse; deutsche Rechtslage; deutscher Tatbestand; ehemaliges Jugoslawien; einzelne Tathandlung; einzelnes Verfahrensrecht; erweiterte Auflage; europäisches Auslieferungsübereinkommen; europäischer Haftbefehl; europäische Organisation; europäisches Rechtshilfeübereinkommen; europäische Staatsanwaltschaft; europäisches Strafrecht; europäische Vorgabe; fremde Straftat; gemeinschaftsrechtskonforme Auslegung; geschützte Personengruppe; geschütztes Rechtsgut; historische Vorbemerkung; identisch Tatortnorm; identische Tatnorm; individualstrafrechtliche Beteiligung; individuelle Verantwortlichkeit; inhaltlicher Überblick; innerstaatlicher Anknüpfungspunkt; interlokales Strafrecht; internationale Rechtsprechung; internationaler Strafgerichtshof; internationales Strafrecht; legitimierender Anknüpfungspunkt; materielle Strafrechtsangleichung; materielles Völkerstrafrecht; mittelbare Täterschaft; nationale Souveränität; nationale Strafgewalt; nationale Umsetzung; nicht-internationale Einzeltat; nürnberger Grundsatz; objektiver Tatbestand; originäre Strafrechtssetzungskompetenz; passives Personalitätsprinzip; polizeilich-justizielle Zusammenarbeit; problematisches Urteil; rechtskräftige Aburteilung; relevante Gewährleistung; schengener Durchführungsabkommen; sekundäres Gemeinschaftsrecht; sogenannte Gesamtbetrachtung; sogenanntes Kontextelement; sonstiges Prinzip; sonstige Rechtsgrundlage; sonstige Rechtshilfe; sonstiger Strafverzicht; staatliche Strafgewalt</subfield><subfield code="2">idssg-J</subfield></datafield><datafield ind1=" " ind2=" " tag="690"><subfield code="a">; stellvertretende Strafrechtspflege; strafrechtliches Abkommen; strafrechtliche Zusammenarbeit; ständig IStGH; subjektive Hinsicht; subjektiver Tatbestand; subjektive Voraussetzung; supranationale Strafrechtssetzung; systematischer Angriff; tatbestandliche Ausgestaltung; unmittelbare Alleintäterschaft; unmittelbare Einzeltäterschaft; verfahrensbezogener Rechter; verfahrensrechtliches Abkommen; vergleichende Betrachtung; vertikale Zusammenarbeit; vorläufige Festnahme; völkerrechtlicher Anknüpfungspunkt; völkerrechtliche Grundlage; völkerrechtlicher Nichteinmischungsgrundsatz; völkerstrafrechtliches Verbrechen; völkerstrafrechtliche Zurechnung; völkerstrafrechtliche Zurechnungslehre; völkervertragsgestütztes Delikt; zusammenfassende Bewertung</subfield><subfield code="2">idssg-J</subfield></datafield><datafield ind1=" " ind2=" " tag="690"><subfield code="a">Jugoslawien C1990; Ruanda C6RWAN; Niederlande C4EUNE; Deutschland C4EUGE; Welt C00WOR; Bayern C4EUGE; Italien C4EUIT</subfield><subfield code="2">idssg-J</subfield></datafield><datafield ind1=" " ind2=" " tag="690"><subfield code="a">Art. Abs. Spiegels; Art. Abs. Spiegelstr; Art. III-415 VerfV; B. Bezüge; B. Durchbrechungen; B. EDU; B. Jurisdiktionskonflikte; B. Quellen; Beck; C. Eurojust; C. Konfliktlösung; C. Lösung; C. Schutzbereich; D. Quellen; D. Schaffung; Dr. Dennis Miller; Dr. Kai Ambos; Dr. Peter Rackow; europäisch Organisationen Organe; europäisch Rechtshilfeübereinkommen Überstellungsübereinkommen; G. H; Ignaz Stegmülef Dr. Dennis Miller Dr. Peter Rackow; Joint Cnminal Enterprise; S. StGB; ständig Internationale Strafgerichtshof; Treaty based crimes; Universität Göttingen Richter</subfield><subfield code="2">idssg-J</subfield></datafield><datafield ind1=" " ind2=" " tag="691"><subfield code="e">PD 19</subfield><subfield code="2">rzs-L1</subfield></datafield><datafield ind1="1" ind2=" " tag="700"><subfield code="a">Stegmiller, Ignaz</subfield><subfield code="0">(IDREF)130075604</subfield><subfield code="4">ctb</subfield></datafield><datafield ind1="4" ind2=" " tag="856"><subfield code="3">Titelblatt und Inhaltsverzeichnis</subfield><subfield code="u">https://toc.library.ethz.ch/objects/pdf/z01_978-3-406-57787-1_01.pdf</subfield><subfield code="q">pdf</subfield></datafield><datafield ind1=" " ind2=" " tag="900"><subfield code="a">REROnoselfmerge</subfield></datafield><datafield ind1=" " ind2=" " tag="900"><subfield code="a">IDSZ2rwimon200812f</subfield><subfield code="c">IDSZ2buche 081215</subfield><subfield code="d">IDSZ2rwiswk200812b</subfield><subfield code="e">IDSZ2cont</subfield></datafield><datafield ind1=" " ind2=" " tag="900"><subfield code="a">IDSZ2zbzmon200903l</subfield><subfield code="c">IDSZ2proc</subfield><subfield code="d">IDSZ2zbzswk200903b</subfield><subfield code="e">IDSZ2bruu</subfield></datafield><datafield ind1=" " ind2=" " tag="949"><subfield code="a">https://toc.library.ethz.ch/objects/pdf/z01_978-3-406-57787-1_01.pdf</subfield></datafield></record>
</metadata></record>