<record><header><identifier>oai:alma.41SLSP_UGE:991000020459705502</identifier><datestamp>2023-03-01T01:08:52Z</datestamp><setSpec>uge_cmu_RapidILL_JOURNAL</setSpec><setSpec>uge_aobs_RapidILL_JOURNAL</setSpec><setSpec>uge_aaca_RapidILL_JOURNAL</setSpec><setSpec>uge_bcen_RapidILL_JOURNAL</setSpec><setSpec>uge_abbat_RapidILL_JOURNAL</setSpec><setSpec>uge_mail_RapidILL_JOURNAL</setSpec><setSpec>uge_dbu_RapidILL_JOURNAL</setSpec><setSpec>UNIGE_ALL</setSpec><setSpec>uge_abels_RapidILL_JOURNAL</setSpec><setSpec>uge_acar_RapidILL_JOURNAL</setSpec></header><metadata>
<record xmlns="http://www.loc.gov/MARC21/slim" xmlns:xsi="http://www.w3.org/2001/XMLSchema-instance" xsi:schemaLocation="http://www.loc.gov/MARC21/slim http://www.loc.gov/standards/marcxml/schema/MARC21slim.xsd"><leader>01698nas a2200481uc 4500</leader><controlfield tag="001">991000020459705502</controlfield><controlfield tag="005">20201231105830.0</controlfield><controlfield tag="008">201012d19712000at  | p       0    |eng  </controlfield><datafield ind1=" " ind2=" " tag="022"><subfield code="a">0004-8291</subfield></datafield><datafield ind1=" " ind2=" " tag="035"><subfield code="a">(swissbib)233099239-41slsp_network</subfield></datafield><datafield ind1=" " ind2=" " tag="035"><subfield code="a">233099239</subfield><subfield code="9">ExL</subfield></datafield><datafield ind1=" " ind2=" " tag="035"><subfield code="a">(NEBIS)007754380EBI01</subfield></datafield><datafield ind1=" " ind2=" " tag="035"><subfield code="a">(IDSBB)000291048DSV01</subfield></datafield><datafield ind1=" " ind2=" " tag="035"><subfield code="a">(RERO)R004364507-41slsp</subfield></datafield><datafield ind1=" " ind2=" " tag="035"><subfield code="a">(EXLNZ-41SLSP_NETWORK)991035862639705501</subfield></datafield><datafield ind1=" " ind2=" " tag="040"><subfield code="a">SzZuIDS NEBIS UZH</subfield><subfield code="d">CH-ZuSLS</subfield></datafield><datafield ind1=" " ind2="7" tag="072"><subfield code="a">me</subfield><subfield code="2">SzZuIDS BS/BE</subfield></datafield><datafield ind1=" " ind2="7" tag="072"><subfield code="a">me</subfield><subfield code="2">rero</subfield></datafield><datafield ind1="1" ind2="4" tag="082"><subfield code="a">610</subfield><subfield code="2">15</subfield></datafield><datafield ind1="0" ind2=" " tag="210"><subfield code="a">Aust N Z J Med</subfield></datafield><datafield ind1="0" ind2="0" tag="245"><subfield code="a">Australian and New Zealand journal of medicine</subfield></datafield><datafield ind1="1" ind2="3" tag="246"><subfield code="a">Australian &amp; New Zealand journal of medicine</subfield></datafield><datafield ind1="1" ind2="3" tag="246"><subfield code="a">Aust-N-Z-J-Med</subfield></datafield><datafield ind1=" " ind2="1" tag="264"><subfield code="a">Sidney</subfield><subfield code="b">Royal Australasian College of Physicians</subfield></datafield><datafield ind1=" " ind2=" " tag="310"><subfield code="a">Zweimonatlich</subfield></datafield><datafield ind1=" " ind2=" " tag="336"><subfield code="b">txt</subfield><subfield code="2">rdacontent</subfield></datafield><datafield ind1=" " ind2=" " tag="337"><subfield code="b">n</subfield><subfield code="2">rdamedia</subfield></datafield><datafield ind1=" " ind2=" " tag="338"><subfield code="b">nc</subfield><subfield code="2">rdacarrier</subfield></datafield><datafield ind1="0" ind2=" " tag="362"><subfield code="a">Vol. 1 (Feb. 1971)-vol. 30, no. 6 (Dec. 2000)</subfield></datafield><datafield ind1=" " ind2=" " tag="500"><subfield code="a">Einzelne Bände enthalten Supplemente</subfield></datafield><datafield ind1=" " ind2=" " tag="580"><subfield code="a">Fait suite à : Australasian annals of medicine</subfield></datafield><datafield ind1=" " ind2=" " tag="580"><subfield code="a">Devient : Internal medicine journal</subfield></datafield><datafield ind1=" " ind2="7" tag="650"><subfield code="a">Medizin</subfield><subfield code="v">Zeitschrift</subfield><subfield code="2">idsbb</subfield></datafield><datafield ind1=" " ind2="2" tag="650"><subfield code="a">Medicine</subfield><subfield code="0">(DNLM)D008511</subfield></datafield><datafield ind1=" " ind2="2" tag="650"><subfield code="a">Medicine</subfield></datafield><datafield ind1=" " ind2="2" tag="655"><subfield code="a">Periodical</subfield><subfield code="0">(DNLM)D020492</subfield></datafield><datafield ind1=" " ind2="7" tag="655"><subfield code="a">Zeitschrift</subfield><subfield code="2">gnd-content</subfield></datafield><datafield ind1=" " ind2="2" tag="655"><subfield code="a">Periodical</subfield></datafield><datafield ind1="2" ind2=" " tag="710"><subfield code="a">Royal Australasian College of Physicians</subfield><subfield code="0">(DE-588)7950-9</subfield></datafield><datafield ind1="0" ind2="0" tag="780"><subfield code="t">Australasian annals of medicine</subfield><subfield code="w">(NEBIS)007754381EBI01</subfield></datafield><datafield ind1="0" ind2="8" tag="776"><subfield code="i">Erscheint auch als Online-Ausgabe</subfield><subfield code="t">Australian and New Zealand journal of medicine</subfield></datafield><datafield ind1="0" ind2="0" tag="785"><subfield code="t">Internal medicine journal</subfield><subfield code="w">(swissbib)157064409-41slsp_network</subfield></datafield><datafield ind1=" " ind2=" " tag="900"><subfield code="a">NEBISnoselfmerge</subfield></datafield><datafield ind1=" " ind2=" " tag="900"><subfield code="a">REROnoselfmerge</subfield></datafield></record>
</metadata></record>