<record><header><identifier>oai:alma.41SLSP_UGE:991000019729705502</identifier><datestamp>2023-03-01T01:08:52Z</datestamp><setSpec>uge_cmu_RapidILL_JOURNAL</setSpec><setSpec>uge_aobs_RapidILL_JOURNAL</setSpec><setSpec>uge_aaca_RapidILL_JOURNAL</setSpec><setSpec>uge_bcen_RapidILL_JOURNAL</setSpec><setSpec>uge_abbat_RapidILL_JOURNAL</setSpec><setSpec>uge_mail_RapidILL_JOURNAL</setSpec><setSpec>uge_dbu_RapidILL_JOURNAL</setSpec><setSpec>UNIGE_ALL</setSpec><setSpec>uge_abels_RapidILL_JOURNAL</setSpec><setSpec>uge_acar_RapidILL_JOURNAL</setSpec></header><metadata>
<record xmlns="http://www.loc.gov/MARC21/slim" xmlns:xsi="http://www.w3.org/2001/XMLSchema-instance" xsi:schemaLocation="http://www.loc.gov/MARC21/slim http://www.loc.gov/standards/marcxml/schema/MARC21slim.xsd"><leader>01824nas a2200421uc 4500</leader><controlfield tag="001">991000019729705502</controlfield><controlfield tag="005">20201230231301.0</controlfield><controlfield tag="008">201011d19531993pl || p|      0   ||pol|d</controlfield><datafield ind1=" " ind2=" " tag="022"><subfield code="a">0044-1899</subfield></datafield><datafield ind1=" " ind2=" " tag="035"><subfield code="a">(swissbib)222078332-41slsp_network</subfield></datafield><datafield ind1=" " ind2=" " tag="035"><subfield code="a">222078332</subfield><subfield code="9">ExL</subfield></datafield><datafield ind1=" " ind2=" " tag="035"><subfield code="a">(NEBIS)000057812EBI01</subfield></datafield><datafield ind1=" " ind2=" " tag="035"><subfield code="a">(RERO)0813113-41slsp</subfield></datafield><datafield ind1=" " ind2=" " tag="035"><subfield code="a">(EXLNZ-41SLSP_NETWORK)991081910769705501</subfield></datafield><datafield ind1=" " ind2=" " tag="040"><subfield code="a">ETH-BIB</subfield><subfield code="b">ger</subfield><subfield code="e">ETHICS-ISBD</subfield><subfield code="d">CH-ZuSLS</subfield></datafield><datafield ind1="0" ind2=" " tag="041"><subfield code="a">pol</subfield><subfield code="a">eng</subfield></datafield><datafield ind1=" " ind2="7" tag="072"><subfield code="a">ma</subfield><subfield code="2">rero</subfield></datafield><datafield ind1="0" ind2=" " tag="210"><subfield code="a">Zastos. Mat.</subfield></datafield><datafield ind1="0" ind2="0" tag="245"><subfield code="a">Zastosowania matematyki</subfield><subfield code="c">Instytut Matematyczny Polskiej Akademii Nauk</subfield></datafield><datafield ind1="1" ind2=" " tag="246"><subfield code="a">Applicationes mathematicae</subfield></datafield><datafield ind1=" " ind2="1" tag="264"><subfield code="a">Warszawa [etc.]</subfield><subfield code="b">Państwowe Wydawnictwo Naukowe</subfield><subfield code="c">1953-1993</subfield></datafield><datafield ind1=" " ind2=" " tag="300"><subfield code="c">24 cm</subfield></datafield><datafield ind1=" " ind2=" " tag="310"><subfield code="a">Erscheinungsweise 4 Hefte pro Band, über 2-3 Jahre verteilt</subfield></datafield><datafield ind1=" " ind2=" " tag="336"><subfield code="b">txt</subfield><subfield code="2">rdacontent</subfield></datafield><datafield ind1=" " ind2=" " tag="337"><subfield code="b">n</subfield><subfield code="2">rdamedia</subfield></datafield><datafield ind1=" " ind2=" " tag="338"><subfield code="b">nc</subfield><subfield code="2">rdacarrier</subfield></datafield><datafield ind1="0" ind2=" " tag="362"><subfield code="a">Tom 1 (1953/1954)-21, 4 (1993)</subfield></datafield><datafield ind1=" " ind2=" " tag="500"><subfield code="a">Später auch: Lateinischer Paralleltitel: Applicationes mathematicae</subfield></datafield><datafield ind1=" " ind2=" " tag="500"><subfield code="a">Le titre parallèle &quot;Applicationes mathematicae&quot; apparaît dès le vol. 8</subfield></datafield><datafield ind1=" " ind2="7" tag="650"><subfield code="a">MATHEMATISCHE OPTIMIERUNG (OPERATIONS RESEARCH)</subfield><subfield code="9">ger</subfield><subfield code="0">(ETHUDK)000013853</subfield><subfield code="2">ethudk</subfield></datafield><datafield ind1=" " ind2="7" tag="650"><subfield code="a">MATHEMATISCHE STATISTIK</subfield><subfield code="9">ger</subfield><subfield code="0">(ETHUDK)000013569</subfield><subfield code="2">ethudk</subfield></datafield><datafield ind1=" " ind2="7" tag="650"><subfield code="a">NUMERISCHE MATHEMATIK UND COMPUTERANWENDUNGEN IN DER MATHEMATIK</subfield><subfield code="9">ger</subfield><subfield code="0">(ETHUDK)000013635</subfield><subfield code="2">ethudk</subfield></datafield><datafield ind1=" " ind2="7" tag="650"><subfield code="a">NUMERISCHE SIMULATION UND MATHEMATISCHE MODELLRECHNUNG</subfield><subfield code="9">ger</subfield><subfield code="0">(ETHUDK)000013907</subfield><subfield code="2">ethudk</subfield></datafield><datafield ind1=" " ind2="7" tag="650"><subfield code="a">WAHRSCHEINLICHKEITSRECHNUNG (MATHEMATIK)</subfield><subfield code="9">ger</subfield><subfield code="0">(ETHUDK)000013521</subfield><subfield code="2">ethudk</subfield></datafield><datafield ind1="2" ind2=" " tag="710"><subfield code="a">Instytut matematyczny</subfield><subfield code="g">Pologne</subfield><subfield code="0">(IDREF)026631792</subfield></datafield><datafield ind1="2" ind2=" " tag="710"><subfield code="a">Instytut Matematyczny</subfield><subfield code="g">Warschau</subfield><subfield code="0">(DE-588)2014488-X</subfield></datafield><datafield ind1="0" ind2="0" tag="785"><subfield code="t">Applicationes mathematicae</subfield><subfield code="w">(swissbib)138274762-41slsp_network</subfield></datafield><datafield ind1=" " ind2=" " tag="900"><subfield code="a">NEBISnoselfmerge</subfield></datafield><datafield ind1=" " ind2=" " tag="900"><subfield code="a">REROnoselfmerge</subfield></datafield></record>
</metadata></record>