<record><header><identifier>oai:alma.41SLSP_UGE:991000002629705502</identifier><datestamp>2023-03-01T01:08:52Z</datestamp><setSpec>uge_bcen_RapidILL_BOOK</setSpec><setSpec>uge_aaca_RapidILL_BOOK</setSpec><setSpec>uge_abels_RapidILL_BOOK</setSpec><setSpec>uge_dbu_RapidILL_BOOK</setSpec><setSpec>uge_cmu_RapidILL_BOOK</setSpec><setSpec>uge_mail_RapidILL_BOOK</setSpec><setSpec>UNIGE_ALL</setSpec><setSpec>uge_abbat_RapidILL_BOOK</setSpec><setSpec>uge_aobs_RapidILL_BOOK</setSpec><setSpec>uge_acar_RapidILL_BOOK</setSpec></header><metadata>
<record xmlns="http://www.loc.gov/MARC21/slim" xmlns:xsi="http://www.w3.org/2001/XMLSchema-instance" xsi:schemaLocation="http://www.loc.gov/MARC21/slim http://www.loc.gov/standards/marcxml/schema/MARC21slim.xsd"><leader>01275nam a2200337 c 4500</leader><controlfield tag="001">991000002629705502</controlfield><controlfield tag="005">20230122193855.0</controlfield><controlfield tag="008">030312s2001    xxk||||| |||| 00| ||eng d</controlfield><datafield ind1=" " ind2=" " tag="020"><subfield code="a">0754602869</subfield><subfield code="q">alk. paper</subfield></datafield><datafield ind1="7" ind2=" " tag="024"><subfield code="a">http://catalogue.bnf.fr/ark:/12148/cb38839997b</subfield><subfield code="2">uri</subfield></datafield><datafield ind1=" " ind2=" " tag="035"><subfield code="a">(swissbib)098756796-41slsp_network</subfield></datafield><datafield ind1=" " ind2=" " tag="035"><subfield code="a">098756796</subfield><subfield code="9">ExL</subfield></datafield><datafield ind1=" " ind2=" " tag="035"><subfield code="a">(RERO)R003325765-41slsp</subfield></datafield><datafield ind1=" " ind2=" " tag="035"><subfield code="a">(EXLNZ-41SLSP_NETWORK)991132417099705501</subfield></datafield><datafield ind1=" " ind2=" " tag="040"><subfield code="a">RERO geulan</subfield><subfield code="d">CH-ZuSLS</subfield></datafield><datafield ind1=" " ind2="7" tag="072"><subfield code="a">an</subfield><subfield code="2">rero</subfield></datafield><datafield ind1="0" ind2="0" tag="245"><subfield code="a">Gender reconstructions</subfield><subfield code="b">pornography and perversions in literature and culture</subfield><subfield code="c">ed. by Cindy L. Carlson, Robert L. Mazzola, Susan M. Bernardo</subfield></datafield><datafield ind1=" " ind2="1" tag="264"><subfield code="a">Aldershot</subfield><subfield code="a">Brookfield</subfield><subfield code="b">Ashgate</subfield><subfield code="c">[2002]</subfield></datafield><datafield ind1=" " ind2="4" tag="264"><subfield code="c">© 2002</subfield></datafield><datafield ind1=" " ind2=" " tag="300"><subfield code="a">XIV, 208 p.</subfield><subfield code="c">23 cm</subfield></datafield><datafield ind1=" " ind2=" " tag="336"><subfield code="b">txt</subfield><subfield code="2">rdacontent</subfield></datafield><datafield ind1=" " ind2=" " tag="337"><subfield code="b">n</subfield><subfield code="2">rdamedia</subfield></datafield><datafield ind1=" " ind2=" " tag="338"><subfield code="b">nc</subfield><subfield code="2">rdacarrier</subfield></datafield><datafield ind1=" " ind2="7" tag="650"><subfield code="a">Littérature</subfield><subfield code="0">(IDREF)027328570</subfield><subfield code="2">idref</subfield></datafield><datafield ind1=" " ind2="7" tag="650"><subfield code="a">Sexualité</subfield><subfield code="0">(IDREF)027248720</subfield><subfield code="2">idref</subfield></datafield><datafield ind1=" " ind2="7" tag="650"><subfield code="a">2500 av. J.-C.-20e siècle</subfield><subfield code="0">(RERO)A026984216</subfield><subfield code="2">rero</subfield></datafield><datafield ind1=" " ind2="7" tag="650"><subfield code="a">Culture</subfield><subfield code="0">(IDREF)027231429</subfield><subfield code="2">idref</subfield></datafield><datafield ind1=" " ind2="7" tag="650"><subfield code="a">Antiquité</subfield><subfield code="0">(IDREF)027789888</subfield><subfield code="2">idref</subfield></datafield><datafield ind1=" " ind2="7" tag="650"><subfield code="a">Femmes</subfield><subfield code="0">(IDREF)027537242</subfield><subfield code="2">idref</subfield></datafield><datafield ind1=" " ind2="7" tag="655"><subfield code="a">[Études diverses]</subfield><subfield code="0">(RERO)A022249905</subfield><subfield code="2">rero</subfield></datafield><datafield ind1="1" ind2=" " tag="700"><subfield code="a">Carlson, Cindy L</subfield><subfield code="d">1953-....</subfield><subfield code="0">(IDREF)053490428</subfield></datafield><datafield ind1=" " ind2=" " tag="900"><subfield code="a">REROnoselfmerge</subfield></datafield></record>
</metadata></record>