<record><header><identifier>oai:alma.41SLSP_UGE:991000002939705502</identifier><datestamp>2023-03-03T01:08:36Z</datestamp><setSpec>uge_bcen_RapidILL_BOOK</setSpec><setSpec>uge_aaca_RapidILL_BOOK</setSpec><setSpec>uge_abels_RapidILL_BOOK</setSpec><setSpec>uge_dbu_RapidILL_BOOK</setSpec><setSpec>uge_cmu_RapidILL_BOOK</setSpec><setSpec>uge_mail_RapidILL_BOOK</setSpec><setSpec>uge_abbat_RapidILL_BOOK</setSpec><setSpec>UNIGE_ALL</setSpec><setSpec>uge_aobs_RapidILL_BOOK</setSpec><setSpec>uge_acar_RapidILL_BOOK</setSpec></header><metadata>
<record xmlns="http://www.loc.gov/MARC21/slim" xmlns:xsi="http://www.w3.org/2001/XMLSchema-instance" xsi:schemaLocation="http://www.loc.gov/MARC21/slim http://www.loc.gov/standards/marcxml/schema/MARC21slim.xsd"><leader>01850nam a2200397 c 4500</leader><controlfield tag="001">991000002939705502</controlfield><controlfield tag="005">20230302183030.0</controlfield><controlfield tag="008">201011t19941994xxu||||| |||| 00| ||eng d</controlfield><datafield ind1=" " ind2=" " tag="010"><subfield code="a">93046364</subfield></datafield><datafield ind1=" " ind2=" " tag="020"><subfield code="a">0130310972</subfield></datafield><datafield ind1=" " ind2=" " tag="035"><subfield code="a">(swissbib)223919039-41slsp_network</subfield></datafield><datafield ind1=" " ind2=" " tag="035"><subfield code="a">223919039</subfield><subfield code="9">ExL</subfield></datafield><datafield ind1=" " ind2=" " tag="035"><subfield code="a">(RERO)1859083-41slsp</subfield></datafield><datafield ind1=" " ind2=" " tag="035"><subfield code="a">(NEBIS)000942466EBI01</subfield></datafield><datafield ind1=" " ind2=" " tag="035"><subfield code="a">(EXLNZ-41SLSP_NETWORK)991031718489705501</subfield></datafield><datafield ind1=" " ind2=" " tag="040"><subfield code="a">RERO geucui</subfield><subfield code="d">CH-ZuSLS</subfield></datafield><datafield ind1=" " ind2="7" tag="072"><subfield code="a">in</subfield><subfield code="2">rero</subfield></datafield><datafield ind1="1" ind2=" " tag="100"><subfield code="a">Bapat, Subodh</subfield><subfield code="0">(RERO)A002966726</subfield><subfield code="4">cre</subfield></datafield><datafield ind1="1" ind2="0" tag="245"><subfield code="a">Object-oriented networks</subfield><subfield code="b">models for architecture, operations, and management</subfield><subfield code="c">Subodh Bapat</subfield></datafield><datafield ind1=" " ind2="1" tag="264"><subfield code="a">Englewood Cliffs NJ</subfield><subfield code="b">PTR Prentice Hall</subfield><subfield code="c">[1994]</subfield></datafield><datafield ind1=" " ind2="4" tag="264"><subfield code="c">© 1994</subfield></datafield><datafield ind1=" " ind2=" " tag="300"><subfield code="a">XXV, 757 p.</subfield><subfield code="b">ill.</subfield><subfield code="c">25 cm</subfield></datafield><datafield ind1=" " ind2=" " tag="336"><subfield code="b">txt</subfield><subfield code="2">rdacontent</subfield></datafield><datafield ind1=" " ind2=" " tag="337"><subfield code="b">n</subfield><subfield code="2">rdamedia</subfield></datafield><datafield ind1=" " ind2=" " tag="338"><subfield code="b">nc</subfield><subfield code="2">rdacarrier</subfield></datafield><datafield ind1=" " ind2="7" tag="650"><subfield code="a">Programmation orientée objets (informatique)</subfield><subfield code="0">(IDREF)029548276</subfield><subfield code="2">idref</subfield></datafield><datafield ind1=" " ind2="7" tag="650"><subfield code="a">Réseaux d'ordinateurs</subfield><subfield code="0">(IDREF)027244105</subfield><subfield code="2">idref</subfield></datafield><datafield ind1=" " ind2="7" tag="650"><subfield code="a">FACHLICHE NACHSCHLAGEWERKE + FACHLEXIKA + HANDBÜCHER (DOKUMENTENTYP)</subfield><subfield code="9">ger</subfield><subfield code="0">(ETHUDK)000009236</subfield><subfield code="2">ethudk</subfield></datafield><datafield ind1=" " ind2="7" tag="650"><subfield code="a">NETZWERKARCHITEKTUREN (COMPUTERSYSTEME)</subfield><subfield code="9">ger</subfield><subfield code="0">(ETHUDK)000051038</subfield><subfield code="2">ethudk</subfield></datafield><datafield ind1=" " ind2="7" tag="650"><subfield code="a">NETZWERKPROTOKOLLE + KOMMUNIKATIONSPROTOKOLLE (COMPUTERSYSTEME)</subfield><subfield code="9">ger</subfield><subfield code="0">(ETHUDK)000013758</subfield><subfield code="2">ethudk</subfield></datafield><datafield ind1=" " ind2="7" tag="650"><subfield code="a">NETZWERKÜBERWACHUNG + NETZWERKADMINISTRATION (COMPUTERSYSTEME)</subfield><subfield code="9">ger</subfield><subfield code="0">(ETHUDK)000051539</subfield><subfield code="2">ethudk</subfield></datafield><datafield ind1=" " ind2="7" tag="650"><subfield code="a">OBJEKTORIENTIERTE ANALYSE (SOFTWARE ENGINEERING)</subfield><subfield code="9">ger</subfield><subfield code="0">(ETHUDK)000047784</subfield><subfield code="2">ethudk</subfield></datafield><datafield ind1=" " ind2="7" tag="650"><subfield code="a">OBJEKTORIENTIERTE PROGRAMMIERUNG (PROGRAMMIERMETHODEN)</subfield><subfield code="9">ger</subfield><subfield code="0">(ETHUDK)000039304</subfield><subfield code="2">ethudk</subfield></datafield><datafield ind1=" " ind2="7" tag="650"><subfield code="a">WAN, WIDE AREA NETWORKS (COMPUTERSYSTEME)</subfield><subfield code="9">ger</subfield><subfield code="0">(ETHUDK)000045197</subfield><subfield code="2">ethudk</subfield></datafield><datafield ind1=" " ind2=" " tag="690"><subfield code="a">519.64.LAN</subfield><subfield code="d">LAN, Internet, Computer-Netzwerke</subfield><subfield code="2">uzb-UK</subfield></datafield><datafield ind1=" " ind2=" " tag="690"><subfield code="a">519.611.OOP</subfield><subfield code="d">Objekt-orientierte Programmierung</subfield><subfield code="2">uzb-UK</subfield></datafield><datafield ind1=" " ind2=" " tag="900"><subfield code="a">REROnoselfmerge</subfield></datafield></record>
</metadata></record>