<record><header><identifier>oai:alma.41SLSP_UGE:991000051669705502</identifier><datestamp>2023-07-14T00:15:21Z</datestamp><setSpec>uge_bcen_RapidILL_BOOK</setSpec><setSpec>uge_aaca_RapidILL_BOOK</setSpec><setSpec>uge_abels_RapidILL_BOOK</setSpec><setSpec>uge_dbu_RapidILL_BOOK</setSpec><setSpec>uge_cmu_RapidILL_BOOK</setSpec><setSpec>uge_mail_RapidILL_BOOK</setSpec><setSpec>uge_abbat_RapidILL_BOOK</setSpec><setSpec>UNIGE_ALL</setSpec><setSpec>uge_aobs_RapidILL_BOOK</setSpec><setSpec>uge_acar_RapidILL_BOOK</setSpec></header><metadata>
<record xmlns="http://www.loc.gov/MARC21/slim" xmlns:xsi="http://www.w3.org/2001/XMLSchema-instance" xsi:schemaLocation="http://www.loc.gov/MARC21/slim http://www.loc.gov/standards/marcxml/schema/MARC21slim.xsd"><leader>05197nam a2200853 c 4500</leader><controlfield tag="001">991000051669705502</controlfield><controlfield tag="005">20230409171309.0</controlfield><controlfield tag="008">201011s2015    riu           00| | eng| </controlfield><datafield ind1=" " ind2=" " tag="010"><subfield code="a">2015012551</subfield></datafield><datafield ind1=" " ind2=" " tag="020"><subfield code="a">9781470422134</subfield><subfield code="q">alk. paper</subfield></datafield><datafield ind1=" " ind2=" " tag="020"><subfield code="a">1470422131</subfield><subfield code="q">alk. paper</subfield></datafield><datafield ind1=" " ind2=" " tag="035"><subfield code="a">(swissbib)211947849-41slsp_network</subfield></datafield><datafield ind1=" " ind2=" " tag="035"><subfield code="a">211947849</subfield><subfield code="9">ExL</subfield></datafield><datafield ind1=" " ind2=" " tag="035"><subfield code="a">(IDSBB)006435828DSV01</subfield></datafield><datafield ind1=" " ind2=" " tag="035"><subfield code="a">(RERO)R008471262-41slsp</subfield></datafield><datafield ind1=" " ind2=" " tag="035"><subfield code="a">(NEBIS)010509026EBI01</subfield></datafield><datafield ind1=" " ind2=" " tag="035"><subfield code="a">(OCoLC)907132876</subfield></datafield><datafield ind1=" " ind2=" " tag="035"><subfield code="a">(EXLNZ-41SLSP_NETWORK)991054786219705501</subfield></datafield><datafield ind1=" " ind2=" " tag="040"><subfield code="a">DLC</subfield><subfield code="b">ger</subfield><subfield code="e">rda</subfield><subfield code="d">CH-ZuSLS</subfield></datafield><datafield ind1=" " ind2=" " tag="050"><subfield code="a">QA612.2</subfield><subfield code="b">.E44 2015</subfield></datafield><datafield ind1=" " ind2="7" tag="072"><subfield code="a">mt</subfield><subfield code="2">SzZuIDS BS/BE</subfield></datafield><datafield ind1=" " ind2="7" tag="072"><subfield code="a">ma</subfield><subfield code="2">rero</subfield></datafield><datafield ind1="0" ind2="4" tag="082"><subfield code="a">514/.2242</subfield><subfield code="2">23</subfield></datafield><datafield ind1="1" ind2="4" tag="082"><subfield code="a">510</subfield><subfield code="2">15</subfield></datafield><datafield ind1=" " ind2=" " tag="084"><subfield code="a">57</subfield><subfield code="2">msc</subfield></datafield><datafield ind1=" " ind2=" " tag="084"><subfield code="a">20</subfield><subfield code="2">msc</subfield></datafield><datafield ind1=" " ind2=" " tag="084"><subfield code="a">57M25</subfield><subfield code="a">55M25</subfield><subfield code="a">20N05</subfield><subfield code="a">20B05</subfield><subfield code="a">55N35</subfield><subfield code="a">57M05</subfield><subfield code="a">57M27</subfield><subfield code="a">20N02</subfield><subfield code="a">57Q45</subfield><subfield code="2">msc</subfield></datafield><datafield ind1=" " ind2=" " tag="084"><subfield code="a">SK 350</subfield><subfield code="2">rvk</subfield></datafield><datafield ind1="1" ind2=" " tag="100"><subfield code="a">Elhamdadi, Mohamed</subfield><subfield code="d">1968-</subfield><subfield code="0">(DE-588)1078698961</subfield><subfield code="e">Verfasser</subfield><subfield code="4">aut</subfield><subfield code="6">880-01</subfield></datafield><datafield ind1="1" ind2=" " tag="880"><subfield code="6">100-01</subfield><subfield code="a">Elhamdadi, Mohamed</subfield><subfield code="d">19..-....</subfield><subfield code="0">(IDREF)189236175</subfield><subfield code="4">cre</subfield></datafield><datafield ind1="1" ind2="0" tag="245"><subfield code="a">Quandles</subfield><subfield code="b">an introduction to the algebra of knots</subfield><subfield code="c">Mohamed Elhamdadi, Sam Nelson</subfield></datafield><datafield ind1="1" ind2="3" tag="246"><subfield code="a">Algebra of knots</subfield></datafield><datafield ind1=" " ind2="1" tag="264"><subfield code="a">Providence, Rhode Island</subfield><subfield code="b">AMS, American Mathematical Society</subfield><subfield code="c">[2015]</subfield></datafield><datafield ind1=" " ind2=" " tag="300"><subfield code="a">ix, 245 Seiten</subfield><subfield code="b">Illustrationen</subfield></datafield><datafield ind1=" " ind2=" " tag="336"><subfield code="b">txt</subfield><subfield code="2">rdacontent</subfield></datafield><datafield ind1=" " ind2=" " tag="337"><subfield code="b">n</subfield><subfield code="2">rdamedia</subfield></datafield><datafield ind1=" " ind2=" " tag="338"><subfield code="b">nc</subfield><subfield code="2">rdacarrier</subfield></datafield><datafield ind1="1" ind2=" " tag="490"><subfield code="a">Student mathematical library</subfield><subfield code="v">volume 74</subfield></datafield><datafield ind1=" " ind2=" " tag="504"><subfield code="a">Bibliogr. p. 237-241. Index</subfield></datafield><datafield ind1=" " ind2=" " tag="504"><subfield code="a">Includes bibliographical references and index</subfield></datafield><datafield ind1="8" ind2=" " tag="520"><subfield code="a">La 4e de couv. indique : &quot;From prehistory to the present, knots have been used for purposes both artistic and practical. The modern science of Knot Theory has ramifications for biochemistry and mathematical physics and is a rich source of research projects for undergraduate and graduate students and professionals alike. Quandles are essentially knots translated into algebra. This book provides an accessible introduction to quandle theory for readers with a background in linear algebra. Important concepts from topology and abstract algebra motivated by quandle theory are introduced along the way. With elementary self-contained treatments of topics such as group theory, cohomology, knotted surfaces and more, this book is perfect for a transition course, an upper-division mathematics elective, preparation for research in knot theory, and any reader interested in knots.&quot;</subfield></datafield><datafield ind1=" " ind2="4" tag="650"><subfield code="a">Manifolds and cell complexes -- Low-dimensional topology -- Knots and links in $S^3</subfield></datafield><datafield ind1=" " ind2="7" tag="650"><subfield code="a">Théorie des noeuds</subfield><subfield code="0">(IDREF)027674223</subfield><subfield code="2">idref</subfield></datafield><datafield ind1=" " ind2="7" tag="650"><subfield code="a">Topologie de basse dimension</subfield><subfield code="0">(IDREF)031441017</subfield><subfield code="2">idref</subfield></datafield><datafield ind1=" " ind2="7" tag="650"><subfield code="a">Algebraic topology -- Classical topics -- Degree, winding number</subfield><subfield code="2">msc</subfield></datafield><datafield ind1=" " ind2="7" tag="650"><subfield code="a">Group theory and generalizations -- Other generalizations of groups -- Loops, quasigroups</subfield><subfield code="2">msc</subfield></datafield><datafield ind1=" " ind2="7" tag="650"><subfield code="a">Group theory and generalizations -- Permutation groups -- General theory for finite groups</subfield><subfield code="2">msc</subfield></datafield><datafield ind1=" " ind2="7" tag="650"><subfield code="a">Algebraic topology -- Homology and cohomology theories -- Other homology theories</subfield><subfield code="2">msc</subfield></datafield><datafield ind1=" " ind2="7" tag="650"><subfield code="a">Knot theory</subfield><subfield code="2">fast</subfield></datafield><datafield ind1=" " ind2="7" tag="650"><subfield code="a">Knotentheorie</subfield><subfield code="0">(DE-588)4164318-5</subfield><subfield code="2">gnd</subfield></datafield><datafield ind1=" " ind2="7" tag="650"><subfield code="a">Algebraische Topologie</subfield><subfield code="0">(DE-588)4120861-4</subfield><subfield code="2">gnd</subfield></datafield><datafield ind1=" " ind2="7" tag="650"><subfield code="a">Low-dimensional topology</subfield><subfield code="2">fast</subfield></datafield><datafield ind1=" " ind2="0" tag="650"><subfield code="a">Knot theory</subfield></datafield><datafield ind1=" " ind2="0" tag="650"><subfield code="a">Low-dimensional topology</subfield></datafield><datafield ind1=" " ind2="7" tag="650"><subfield code="a">Manifolds and cell complexes -- PL-topology -- Knots and links (in high dimensions)</subfield><subfield code="2">msc</subfield></datafield><datafield ind1=" " ind2="7" tag="650"><subfield code="a">Group theory and generalizations -- Other generalizations of groups -- Sets with a single binary operation (groupoids)</subfield><subfield code="2">msc</subfield></datafield><datafield ind1=" " ind2="7" tag="650"><subfield code="a">Manifolds and cell complexes -- Low-dimensional topology -- Fundamental group, presentations, free differential calculus</subfield><subfield code="2">msc</subfield></datafield><datafield ind1=" " ind2="7" tag="650"><subfield code="a">Manifolds and cell complexes -- Low-dimensional topology -- Invariants of knots and 3-manifolds</subfield><subfield code="2">msc</subfield></datafield><datafield ind1=" " ind2="7" tag="650"><subfield code="a">Manifolds and cell complexes -- Low-dimensional topology -- Knots and links in $S^3</subfield><subfield code="2">msc</subfield></datafield><datafield ind1=" " ind2="7" tag="650"><subfield code="a">GRUPPENTHEORIE (ALGEBRA)</subfield><subfield code="9">ger</subfield><subfield code="0">(ETHUDK)000012599</subfield><subfield code="2">ethudk</subfield></datafield><datafield ind1=" " ind2="7" tag="650"><subfield code="a">HOMOLOGIEGRUPPEN + KOHOMOLOGIEGRUPPEN (ALGEBRAISCHE TOPOLOGIE)</subfield><subfield code="9">ger</subfield><subfield code="0">(ETHUDK)000013046</subfield><subfield code="2">ethudk</subfield></datafield><datafield ind1=" " ind2="7" tag="650"><subfield code="a">KNOTEN + ZÖPFE (TOPOLOGIE NIEDRIGDIMENSIONALER MANNIGFALTIGKEITEN)</subfield><subfield code="9">ger</subfield><subfield code="0">(ETHUDK)000013091</subfield><subfield code="2">ethudk</subfield></datafield><datafield ind1=" " ind2="7" tag="650"><subfield code="a">LEHRBÜCHER (DOKUMENTENTYP)</subfield><subfield code="9">ger</subfield><subfield code="0">(ETHUDK)000000099</subfield><subfield code="2">ethudk</subfield></datafield><datafield ind1="1" ind2=" " tag="700"><subfield code="a">Nelson, Sam</subfield><subfield code="d">1974-</subfield><subfield code="0">(DE-588)1083285068</subfield><subfield code="e">Verfasser</subfield><subfield code="4">aut</subfield><subfield code="6">880-02</subfield></datafield><datafield ind1="1" ind2=" " tag="880"><subfield code="6">700-02</subfield><subfield code="a">Nelson, Sam</subfield><subfield code="d">19..-....</subfield><subfield code="0">(IDREF)189236191</subfield></datafield><datafield ind1="4" ind2=" " tag="856"><subfield code="3">Titelblatt und Inhaltsverzeichnis</subfield><subfield code="u">https://toc.library.ethz.ch/objects/pdf03/e01_978-1-4704-2213-4_01.pdf</subfield><subfield code="q">pdf</subfield></datafield><datafield ind1="4" ind2=" " tag="856"><subfield code="3">Abstract / Autoreninformation</subfield><subfield code="u">https://toc.library.ethz.ch/objects/pdf03/e01_978-1-4704-2213-4_02.pdf</subfield><subfield code="q">pdf</subfield></datafield><datafield ind1=" " ind2="0" tag="830"><subfield code="a">Student mathematical library</subfield><subfield code="v">74</subfield><subfield code="w">(NEBIS)003883357EBI01</subfield></datafield><datafield ind1=" " ind2=" " tag="900"><subfield code="a">REROnoselfmerge</subfield></datafield><datafield ind1=" " ind2=" " tag="900"><subfield code="a">IDSZ2zbzmon201611l</subfield><subfield code="c">IDSZ2wuet</subfield><subfield code="d">IDSZ2zbzswk201612g</subfield><subfield code="e">IDSZ2tschu</subfield></datafield><datafield ind1=" " ind2=" " tag="910"><subfield code="a">OCoLC</subfield><subfield code="b">20160714</subfield><subfield code="c">Droits réservés</subfield></datafield><datafield ind1=" " ind2=" " tag="911"><subfield code="a">100</subfield><subfield code="a">Elhamdadi, Mohamed</subfield><subfield code="d">1968-</subfield></datafield><datafield ind1=" " ind2=" " tag="911"><subfield code="a">700</subfield><subfield code="a">Nelson, Sam</subfield><subfield code="d">1974-</subfield></datafield><datafield ind1=" " ind2=" " tag="949"><subfield code="a">https://toc.library.ethz.ch/objects/pdf03/e01_978-1-4704-2213-4_01.pdf</subfield></datafield><datafield ind1=" " ind2=" " tag="949"><subfield code="a">https://toc.library.ethz.ch/objects/pdf03/e01_978-1-4704-2213-4_02.pdf</subfield></datafield></record>
</metadata></record>