<record><header><identifier>oai:alma.41SLSP_UGE:991000051479705502</identifier><datestamp>2024-04-06T00:26:39Z</datestamp><setSpec>uge_bcen_RapidILL_BOOK</setSpec><setSpec>uge_aaca_RapidILL_BOOK</setSpec><setSpec>uge_abels_RapidILL_BOOK</setSpec><setSpec>uge_dbu_RapidILL_BOOK</setSpec><setSpec>uge_cmu_RapidILL_BOOK</setSpec><setSpec>uge_mail_RapidILL_BOOK</setSpec><setSpec>uge_abbat_RapidILL_BOOK</setSpec><setSpec>UNIGE_ALL</setSpec><setSpec>uge_acar_RapidILL_BOOK</setSpec><setSpec>uge_aobs_RapidILL_BOOK</setSpec></header><metadata>
<record xmlns="http://www.loc.gov/MARC21/slim" xmlns:xsi="http://www.w3.org/2001/XMLSchema-instance" xsi:schemaLocation="http://www.loc.gov/MARC21/slim http://www.loc.gov/standards/marcxml/schema/MARC21slim.xsd"><leader>03790nam a2200745 c 4500</leader><controlfield tag="001">991000051479705502</controlfield><controlfield tag="005">20230330222653.0</controlfield><controlfield tag="008">201012t20152015xxc||||| |||| 00| ||eng d</controlfield><datafield ind1="7" ind2=" " tag="016"><subfield code="a">20159023726</subfield></datafield><datafield ind1=" " ind2=" " tag="020"><subfield code="a">9781442649699</subfield><subfield code="q">hard cover</subfield></datafield><datafield ind1=" " ind2=" " tag="035"><subfield code="a">(swissbib)242357466-41slsp_network</subfield></datafield><datafield ind1=" " ind2=" " tag="035"><subfield code="a">242357466</subfield><subfield code="9">ExL</subfield></datafield><datafield ind1=" " ind2=" " tag="035"><subfield code="a">(RERO)R008349123-41slsp</subfield></datafield><datafield ind1=" " ind2=" " tag="035"><subfield code="a">(IDSBB)006495951DSV01</subfield></datafield><datafield ind1=" " ind2=" " tag="035"><subfield code="a">(NEBIS)010581116EBI01</subfield></datafield><datafield ind1=" " ind2=" " tag="035"><subfield code="a">(IDSSG)001024996HSB01</subfield></datafield><datafield ind1=" " ind2=" " tag="035"><subfield code="a">(OCoLC)898087054</subfield></datafield><datafield ind1=" " ind2=" " tag="035"><subfield code="a">(EXLNZ-41SLSP_NETWORK)991129626909705501</subfield></datafield><datafield ind1=" " ind2=" " tag="040"><subfield code="a">RERO geulhg</subfield><subfield code="d">CH-ZuSLS</subfield></datafield><datafield ind1="0" ind2=" " tag="041"><subfield code="a">eng</subfield></datafield><datafield ind1=" " ind2="4" tag="050"><subfield code="a">PT7269.E4</subfield><subfield code="b">E45 2015</subfield></datafield><datafield ind1=" " ind2="0" tag="055"><subfield code="a">PT7269 E4</subfield><subfield code="b">E45 2015</subfield></datafield><datafield ind1=" " ind2="7" tag="072"><subfield code="a">hm</subfield><subfield code="2">rero</subfield></datafield><datafield ind1=" " ind2="7" tag="072"><subfield code="a">al</subfield><subfield code="2">rero</subfield></datafield><datafield ind1=" " ind2="7" tag="072"><subfield code="a">sk</subfield><subfield code="2">SzZuIDS BS/BE</subfield></datafield><datafield ind1="0" ind2="4" tag="082"><subfield code="a">839/.61</subfield><subfield code="2">23</subfield></datafield><datafield ind1="1" ind2="4" tag="082"><subfield code="a">839</subfield><subfield code="2">15</subfield></datafield><datafield ind1=" " ind2=" " tag="084"><subfield code="a">GW 6110</subfield><subfield code="2">rvk</subfield></datafield><datafield ind1="0" ind2="0" tag="245"><subfield code="a">Egil, the Viking poet</subfield><subfield code="b">new approaches to &quot;Egil's saga&quot;</subfield><subfield code="c">edited by Laurence de Looze, Jón Karl Helgason, Russell Poole, and Torfi H. Tulinius</subfield></datafield><datafield ind1=" " ind2="1" tag="264"><subfield code="a">Toronto</subfield><subfield code="b">University of Toronto Press</subfield><subfield code="c">[2015]</subfield></datafield><datafield ind1=" " ind2="4" tag="264"><subfield code="c">© 2015</subfield></datafield><datafield ind1=" " ind2=" " tag="300"><subfield code="a">vi, 242 Seiten</subfield><subfield code="b">illustrations</subfield><subfield code="c">24 cm</subfield></datafield><datafield ind1=" " ind2=" " tag="336"><subfield code="b">txt</subfield><subfield code="2">rdacontent</subfield></datafield><datafield ind1=" " ind2=" " tag="337"><subfield code="b">n</subfield><subfield code="2">rdamedia</subfield></datafield><datafield ind1=" " ind2=" " tag="338"><subfield code="b">nc</subfield><subfield code="2">rdacarrier</subfield></datafield><datafield ind1="1" ind2=" " tag="490"><subfield code="a">Toronto Old Norse and Icelandic studies</subfield><subfield code="v">9</subfield></datafield><datafield ind1=" " ind2=" " tag="504"><subfield code="a">Includes bibliographical references and index</subfield></datafield><datafield ind1="0" ind2="7" tag="600"><subfield code="a">Egill Skallagrimsson</subfield><subfield code="0">(RERO)A018496684</subfield><subfield code="2">rero</subfield></datafield><datafield ind1="0" ind2="0" tag="600"><subfield code="a">Snorri Sturluson</subfield><subfield code="d">1179?-1241</subfield><subfield code="t">Egils saga</subfield></datafield><datafield ind1="0" ind2="7" tag="600"><subfield code="a">Snorri</subfield><subfield code="c">Sturluson</subfield><subfield code="d">1179-1241</subfield><subfield code="0">(DE-588)118797816</subfield><subfield code="2">gnd</subfield></datafield><datafield ind1="0" ind2="7" tag="630"><subfield code="a">Egils saga Skallagrímssonar</subfield><subfield code="0">(IDREF)029398339</subfield><subfield code="2">idref</subfield></datafield><datafield ind1="0" ind2="7" tag="630"><subfield code="a">Egils saga (Snorri Sturluson)</subfield><subfield code="2">fast</subfield></datafield><datafield ind1="0" ind2="7" tag="630"><subfield code="a">Egils saga Skallagrímssonar</subfield><subfield code="0">(DE-588)4151087-2</subfield><subfield code="2">gnd</subfield></datafield><datafield ind1=" " ind2="7" tag="650"><subfield code="a">Sagas</subfield><subfield code="0">(IDREF)027411044</subfield><subfield code="2">idref</subfield></datafield><datafield ind1=" " ind2="7" tag="650"><subfield code="a">10e siècle</subfield><subfield code="0">(IDREF)028018958</subfield><subfield code="2">idref</subfield></datafield><datafield ind1=" " ind2="7" tag="650"><subfield code="a">13e siècle (début)</subfield><subfield code="0">(RERO)A023341307</subfield><subfield code="2">rero</subfield></datafield><datafield ind1=" " ind2="7" tag="650"><subfield code="a">Sagas</subfield><subfield code="2">fast</subfield></datafield><datafield ind1=" " ind2="0" tag="650"><subfield code="a">Sagas</subfield><subfield code="x">History and criticism</subfield></datafield><datafield ind1=" " ind2="7" tag="655"><subfield code="a">Criticism, interpretation, etc</subfield><subfield code="2">fast</subfield></datafield><datafield ind1=" " ind2="7" tag="655"><subfield code="a">Aufsatzsammlung</subfield><subfield code="2">gnd-content</subfield></datafield><datafield ind1=" " ind2=" " tag="690"><subfield code="a">Netzwerk; Klage; Komposition; Variation; Buffalo; Hochschule; Bibliographie; Emotion; Poesie; Alter; Analyse; Appleton; Familie; Index; Konzept; Pferd; Vi; Wahl; Wikinger; Zusammensetzung</subfield><subfield code="2">idssg-J</subfield></datafield><datafield ind1=" " ind2=" " tag="690"><subfield code="a">Selbstbeschreibung; Textvariation</subfield><subfield code="2">idssg-J</subfield></datafield><datafield ind1=" " ind2=" " tag="690"><subfield code="a">wikingerdichter Ansatz; ausgewählte Bibliografie; blutige Rune; kommentierte Bibliografie; mitwirkender Index; neuer Ansatz; sozial Egils; soziales Netzwerk</subfield><subfield code="2">idssg-J</subfield></datafield><datafield ind1=" " ind2=" " tag="690"><subfield code="a">Japan C9JAPA; Kanada C1CANA; Großbritannien C4EUUK; Vereinigte Staaten C1USA</subfield><subfield code="2">idssg-J</subfield></datafield><datafield ind1=" " ind2=" " tag="690"><subfield code="a">Alison FINLAY; ARMANN JAKOBSSON; Egils Saga Egil; Einführung Egil The Viking Poet; GUBRUN NORDAL; Jane APPLETON Mitwirkende Index; Karl HELGASON; LOOZE; Looze Jon Karl Helgason Russell; Margaret CLUN1ES; ORLEIFSDOTTL KATEIJN; Parsons; SVANHILDUR OSKARSDOTTIR; TIMOTHY TANGHERLINI; TORFl TULINIUS; Thorolfs Wahl Familie; Torfi Tulinius; Toronto Buffalo London</subfield><subfield code="2">idssg-J</subfield></datafield><datafield ind1="1" ind2=" " tag="700"><subfield code="a">Helgason, Jón</subfield><subfield code="0">(RERO)A003360876</subfield></datafield><datafield ind1="1" ind2=" " tag="700"><subfield code="a">Poole, Russell Gilbert</subfield><subfield code="d">1945-....</subfield><subfield code="0">(IDREF)032031327</subfield></datafield><datafield ind1="1" ind2=" " tag="700"><subfield code="a">Tulinius, Torfi H.</subfield><subfield code="d">1958-....</subfield><subfield code="0">(IDREF)031750575</subfield></datafield><datafield ind1="1" ind2=" " tag="700"><subfield code="a">De Looze, Laurence</subfield><subfield code="d">1953-</subfield><subfield code="0">(DE-588)172845912</subfield><subfield code="e">Herausgeber</subfield><subfield code="4">edt</subfield><subfield code="6">880-05</subfield></datafield><datafield ind1="1" ind2=" " tag="880"><subfield code="6">700-05</subfield><subfield code="a">De Looze, Laurence Neil</subfield><subfield code="d">1953-....</subfield><subfield code="0">(IDREF)035579943</subfield></datafield><datafield ind1="4" ind2=" " tag="856"><subfield code="3">Titelblatt und Inhaltsverzeichnis</subfield><subfield code="u">https://toc.library.ethz.ch/objects/pdf03/z01_978-1-4426-4969-9_01.pdf</subfield><subfield code="q">pdf</subfield></datafield><datafield ind1=" " ind2=" " tag="830"><subfield code="a">Toronto Old Norse-Icelandic series</subfield><subfield code="v">9</subfield><subfield code="w">(IDSBB)004325343DSV01</subfield></datafield><datafield ind1=" " ind2=" " tag="830"><subfield code="a">Toronto Old Norse and Icelandic studies</subfield><subfield code="v">9</subfield><subfield code="w">(RERO)R004650881-41slsp</subfield></datafield><datafield ind1=" " ind2=" " tag="900"><subfield code="a">REROnoselfmerge</subfield></datafield><datafield ind1=" " ind2=" " tag="900"><subfield code="a">IDSZ2zbzmon201602f</subfield><subfield code="c">IDSZ2sjoe</subfield><subfield code="d">IDSZ2zbzswk201603b</subfield><subfield code="e">IDSZ2sjoe</subfield></datafield><datafield ind1=" " ind2=" " tag="949"><subfield code="a">https://toc.library.ethz.ch/objects/pdf03/z01_978-1-4426-4969-9_01.pdf</subfield></datafield></record>
</metadata></record>