<record><header><identifier>oai:alma.41SLSP_UGE:991000051999705502</identifier><datestamp>2023-03-27T00:11:06Z</datestamp><setSpec>uge_bcen_RapidILL_BOOK</setSpec><setSpec>uge_aaca_RapidILL_BOOK</setSpec><setSpec>uge_abels_RapidILL_BOOK</setSpec><setSpec>uge_dbu_RapidILL_BOOK</setSpec><setSpec>uge_cmu_RapidILL_BOOK</setSpec><setSpec>uge_mail_RapidILL_BOOK</setSpec><setSpec>uge_abbat_RapidILL_BOOK</setSpec><setSpec>UNIGE_ALL</setSpec><setSpec>uge_acar_RapidILL_BOOK</setSpec><setSpec>uge_aobs_RapidILL_BOOK</setSpec></header><metadata>
<record xmlns="http://www.loc.gov/MARC21/slim" xmlns:xsi="http://www.w3.org/2001/XMLSchema-instance" xsi:schemaLocation="http://www.loc.gov/MARC21/slim http://www.loc.gov/standards/marcxml/schema/MARC21slim.xsd"><leader>01259nam a2200325 c 4500</leader><controlfield tag="001">991000051999705502</controlfield><controlfield tag="005">20230326205441.0</controlfield><controlfield tag="008">031127s2002    xxu||||| m||| 00| ||eng d</controlfield><datafield ind1=" " ind2=" " tag="035"><subfield code="a">(swissbib)099991365-41slsp_network</subfield></datafield><datafield ind1=" " ind2=" " tag="035"><subfield code="a">099991365</subfield><subfield code="9">ExL</subfield></datafield><datafield ind1=" " ind2=" " tag="035"><subfield code="a">(RERO)R003548188-41slsp</subfield></datafield><datafield ind1=" " ind2=" " tag="035"><subfield code="a">(EXLNZ-41SLSP_NETWORK)991133922059705501</subfield></datafield><datafield ind1=" " ind2=" " tag="040"><subfield code="a">RERO geulan</subfield><subfield code="d">CH-ZuSLS</subfield></datafield><datafield ind1=" " ind2="7" tag="072"><subfield code="a">an</subfield><subfield code="2">rero</subfield></datafield><datafield ind1="1" ind2=" " tag="100"><subfield code="a">Rader, Pamela J.</subfield><subfield code="d">19..-....</subfield><subfield code="0">(IDREF)251427242</subfield><subfield code="4">cre</subfield></datafield><datafield ind1="1" ind2="0" tag="245"><subfield code="a">Syncretic spirits of (A)national literatures by women in the Americas</subfield><subfield code="c">by Pamela J. Rader</subfield></datafield><datafield ind1=" " ind2="1" tag="264"><subfield code="a">[Boulder]</subfield><subfield code="b">Univ. of Colorado</subfield><subfield code="c">2002</subfield></datafield><datafield ind1=" " ind2="3" tag="264"><subfield code="a">Ann Arbor Mich.</subfield><subfield code="b">UMI Dissertation services [reprod.]</subfield></datafield><datafield ind1=" " ind2=" " tag="300"><subfield code="a">V, 219 p.</subfield><subfield code="c">24 cm</subfield></datafield><datafield ind1=" " ind2=" " tag="336"><subfield code="b">txt</subfield><subfield code="2">rdacontent</subfield></datafield><datafield ind1=" " ind2=" " tag="337"><subfield code="b">n</subfield><subfield code="2">rdamedia</subfield></datafield><datafield ind1=" " ind2=" " tag="338"><subfield code="b">nc</subfield><subfield code="2">rdacarrier</subfield></datafield><datafield ind1=" " ind2=" " tag="502"><subfield code="a">Diss. philos., Univ. of Colorado, 2002</subfield></datafield><datafield ind1=" " ind2="7" tag="650"><subfield code="a">20e siècle (fin)</subfield><subfield code="0">(RERO)A022536780</subfield><subfield code="2">rero</subfield></datafield><datafield ind1=" " ind2="7" tag="650"><subfield code="a">minorité ethnique</subfield><subfield code="0">(RERO)A009978621</subfield><subfield code="2">rerovoc</subfield></datafield><datafield ind1=" " ind2="7" tag="650"><subfield code="a">Américains d'origine mexicaine</subfield><subfield code="0">(IDREF)027587584</subfield><subfield code="2">idref</subfield></datafield><datafield ind1=" " ind2="7" tag="650"><subfield code="a">Diasporas</subfield><subfield code="0">(IDREF)034111379</subfield><subfield code="2">idref</subfield></datafield><datafield ind1=" " ind2="7" tag="650"><subfield code="a">Femmes écrivains</subfield><subfield code="0">(IDREF)027320618</subfield><subfield code="2">idref</subfield></datafield><datafield ind1=" " ind2="7" tag="650"><subfield code="a">Identité collective</subfield><subfield code="0">(IDREF)029251133</subfield><subfield code="2">idref</subfield></datafield><datafield ind1=" " ind2="7" tag="650"><subfield code="a">Littérature américaine</subfield><subfield code="0">(IDREF)027257843</subfield><subfield code="2">idref</subfield></datafield><datafield ind1=" " ind2=" " tag="900"><subfield code="a">REROnoselfmerge</subfield></datafield></record>
</metadata></record>