<record><header><identifier>oai:alma.41SLSP_UGE:991000002649705502</identifier><datestamp>2023-03-01T01:08:52Z</datestamp><setSpec>uge_cmu_RapidILL_JOURNAL</setSpec><setSpec>uge_aobs_RapidILL_JOURNAL</setSpec><setSpec>uge_aaca_RapidILL_JOURNAL</setSpec><setSpec>uge_bcen_RapidILL_JOURNAL</setSpec><setSpec>uge_abbat_RapidILL_JOURNAL</setSpec><setSpec>uge_mail_RapidILL_JOURNAL</setSpec><setSpec>uge_dbu_RapidILL_JOURNAL</setSpec><setSpec>UNIGE_ALL</setSpec><setSpec>uge_abels_RapidILL_JOURNAL</setSpec><setSpec>uge_acar_RapidILL_JOURNAL</setSpec></header><metadata>
<record xmlns="http://www.loc.gov/MARC21/slim" xmlns:xsi="http://www.w3.org/2001/XMLSchema-instance" xsi:schemaLocation="http://www.loc.gov/MARC21/slim http://www.loc.gov/standards/marcxml/schema/MARC21slim.xsd"><leader>01246nas a2200361uc 4500</leader><controlfield tag="001">991000002649705502</controlfield><controlfield tag="005">20230119191458.0</controlfield><controlfield tag="008">201011d19541974gw || p|      0   ||ger|d</controlfield><datafield ind1="7" ind2=" " tag="016"><subfield code="a">240798</subfield><subfield code="2">ZDB</subfield></datafield><datafield ind1=" " ind2=" " tag="022"><subfield code="a">0023-5555</subfield></datafield><datafield ind1=" " ind2=" " tag="035"><subfield code="a">(swissbib)212944509-41slsp_network</subfield></datafield><datafield ind1=" " ind2=" " tag="035"><subfield code="a">212944509</subfield><subfield code="9">ExL</subfield></datafield><datafield ind1=" " ind2=" " tag="035"><subfield code="a">(NEBIS)000034148EBI01</subfield></datafield><datafield ind1=" " ind2=" " tag="035"><subfield code="a">(RERO)0998189-41slsp</subfield></datafield><datafield ind1=" " ind2=" " tag="035"><subfield code="a">(EXLNZ-41SLSP_NETWORK)991019274859705501</subfield></datafield><datafield ind1=" " ind2=" " tag="040"><subfield code="a">ETH-BIB</subfield><subfield code="b">ger</subfield><subfield code="e">ETHICS-ISBD</subfield><subfield code="d">CH-ZuSLS</subfield></datafield><datafield ind1=" " ind2="7" tag="072"><subfield code="a">ch</subfield><subfield code="2">rero</subfield></datafield><datafield ind1=" " ind2="7" tag="072"><subfield code="a">in</subfield><subfield code="2">rero</subfield></datafield><datafield ind1="0" ind2=" " tag="210"><subfield code="a">Kunststoffrundschau</subfield></datafield><datafield ind1="0" ind2="0" tag="245"><subfield code="a">Kunststoff-Rundschau</subfield><subfield code="b">Fach- und Wirtschaftsblatt für die Kunststoff-Industrie</subfield></datafield><datafield ind1="1" ind2=" " tag="246"><subfield code="a">VERSTAERKTe KUNSTSTOFFE</subfield></datafield><datafield ind1=" " ind2="1" tag="264"><subfield code="a">Hamburg</subfield><subfield code="b">Garrels</subfield><subfield code="c">1954-1974</subfield></datafield><datafield ind1=" " ind2=" " tag="300"><subfield code="c">30 cm</subfield></datafield><datafield ind1=" " ind2=" " tag="336"><subfield code="b">txt</subfield><subfield code="2">rdacontent</subfield></datafield><datafield ind1=" " ind2=" " tag="337"><subfield code="b">n</subfield><subfield code="2">rdamedia</subfield></datafield><datafield ind1=" " ind2=" " tag="338"><subfield code="b">nc</subfield><subfield code="2">rdacarrier</subfield></datafield><datafield ind1="0" ind2=" " tag="362"><subfield code="a">Jg. 1, Heft 1 (Jan. 1954) - Jg. 21, Heft 12 (Dez. 1974)</subfield></datafield><datafield ind1="0" ind2=" " tag="505"><subfield code="a">[enthält]: Verstärkte Kunststoffe</subfield></datafield><datafield ind1=" " ind2="7" tag="650"><subfield code="a">KUNSTSTOFFARTEN</subfield><subfield code="9">ger</subfield><subfield code="0">(ETHUDK)000034528</subfield><subfield code="2">ethudk</subfield></datafield><datafield ind1=" " ind2="7" tag="650"><subfield code="a">KUNSTSTOFFE (WERKSTOFFE)</subfield><subfield code="9">ger</subfield><subfield code="0">(ETHUDK)000034564</subfield><subfield code="2">ethudk</subfield></datafield><datafield ind1=" " ind2="7" tag="650"><subfield code="a">plastique (matière) - fabrication</subfield><subfield code="0">(RERO)A010133027</subfield><subfield code="2">rerovoc</subfield></datafield><datafield ind1=" " ind2="7" tag="655"><subfield code="a">Périodiques</subfield><subfield code="0">(IDREF)02724640X</subfield><subfield code="2">idref</subfield></datafield><datafield ind1=" " ind2=" " tag="900"><subfield code="a">NEBISnoselfmerge</subfield></datafield><datafield ind1=" " ind2=" " tag="900"><subfield code="a">REROnoselfmerge</subfield></datafield></record>
</metadata></record>