<record><header><identifier>oai:alma.41SLSP_UGE:991000052209705502</identifier><datestamp>2023-07-03T00:42:29Z</datestamp><setSpec>uge_bcen_RapidILL_BOOK</setSpec><setSpec>uge_aaca_RapidILL_BOOK</setSpec><setSpec>uge_abels_RapidILL_BOOK</setSpec><setSpec>uge_dbu_RapidILL_BOOK</setSpec><setSpec>uge_cmu_RapidILL_BOOK</setSpec><setSpec>uge_mail_RapidILL_BOOK</setSpec><setSpec>uge_abbat_RapidILL_BOOK</setSpec><setSpec>UNIGE_ALL</setSpec><setSpec>uge_acar_RapidILL_BOOK</setSpec><setSpec>uge_aobs_RapidILL_BOOK</setSpec></header><metadata>
<record xmlns="http://www.loc.gov/MARC21/slim" xmlns:xsi="http://www.w3.org/2001/XMLSchema-instance" xsi:schemaLocation="http://www.loc.gov/MARC21/slim http://www.loc.gov/standards/marcxml/schema/MARC21slim.xsd"><leader>06332nam a2200409 c 4500</leader><controlfield tag="001">991000052209705502</controlfield><controlfield tag="005">20230702062258.0</controlfield><controlfield tag="008">201011m19971998sp            00| | spa  </controlfield><datafield ind1=" " ind2=" " tag="020"><subfield code="a">8423979946</subfield><subfield code="q">T. 8</subfield></datafield><datafield ind1=" " ind2=" " tag="020"><subfield code="a">8423979954</subfield><subfield code="q">T. 9</subfield></datafield><datafield ind1=" " ind2=" " tag="035"><subfield code="a">(swissbib)216245168-41slsp_network</subfield></datafield><datafield ind1=" " ind2=" " tag="035"><subfield code="a">216245168</subfield><subfield code="9">ExL</subfield></datafield><datafield ind1=" " ind2=" " tag="035"><subfield code="a">(IDSSG)000141087HSB01</subfield></datafield><datafield ind1=" " ind2=" " tag="035"><subfield code="a">(RERO)R222258060-41slsp</subfield></datafield><datafield ind1=" " ind2=" " tag="035"><subfield code="a">(EXLNZ-41SLSP_NETWORK)991086617969705501</subfield></datafield><datafield ind1=" " ind2=" " tag="040"><subfield code="a">SzZuIDS HSG</subfield><subfield code="b">ger</subfield><subfield code="e">kids</subfield><subfield code="d">CH-ZuSLS</subfield></datafield><datafield ind1=" " ind2="7" tag="072"><subfield code="a">es</subfield><subfield code="2">rero</subfield></datafield><datafield ind1="0" ind2="0" tag="245"><subfield code="a">Siglo XIX</subfield><subfield code="c">coordinator Guillermo Carnero ... [et al.]</subfield></datafield><datafield ind1=" " ind2="1" tag="264"><subfield code="a">Madrid</subfield><subfield code="b">Espasa-Calpe</subfield><subfield code="c">1997-1998</subfield></datafield><datafield ind1=" " ind2=" " tag="300"><subfield code="a">2 vol.</subfield><subfield code="c">22 cm</subfield></datafield><datafield ind1=" " ind2=" " tag="336"><subfield code="b">txt</subfield><subfield code="2">rdacontent</subfield></datafield><datafield ind1=" " ind2=" " tag="337"><subfield code="b">n</subfield><subfield code="2">rdamedia</subfield></datafield><datafield ind1=" " ind2=" " tag="338"><subfield code="b">nc</subfield><subfield code="2">rdacarrier</subfield></datafield><datafield ind1="1" ind2=" " tag="490"><subfield code="a">Historia de la literatura española</subfield><subfield code="v">8-9</subfield></datafield><datafield ind1=" " ind2=" " tag="500"><subfield code="a">Le coord. du 2e vol. est: Leonardo Romero Tobar</subfield></datafield><datafield ind1=" " ind2="7" tag="650"><subfield code="a">Littérature espagnole</subfield><subfield code="0">(IDREF)027236897</subfield><subfield code="2">idref</subfield></datafield><datafield ind1=" " ind2="7" tag="650"><subfield code="a">19e siècle</subfield><subfield code="0">(IDREF)027794059</subfield><subfield code="2">idref</subfield></datafield><datafield ind1=" " ind2=" " tag="690"><subfield code="a">Roman; Poesie; Romantik; Genre; Lyrik; Publikation; Erzählung; Drama; Fabel; Larra; öffentliche Bibliothek; Espronceda; Folklore; Vers; Freire; Index; Legende; Avellaneda; Coronado; Grassi; Produktion; Sammlung; Schriftsteller; Übersetzung; Carolina; Komödie; Kontinuität; Kritik; Schauspieler; Theater; Tod; Unternehmen; Verlag; allgemein bildende Schule; Überleben; Affäre; Ana; Costumbrismo; Don; Epos; Erbe; Exil; Galaxie; Gegenwart; Konfession; Religion; Stagnation; sozialer Status; Konservatismus; Regionalismus; Aufstieg; Bibliographie; Comedy; Geistliche; Krieg; Mittelalter; Show</subfield><subfield code="2">idssg-J</subfield></datafield><datafield ind1=" " ind2=" " tag="690"><subfield code="a">Filiationserzählung; JeanLouis; Manierensammlung; Neufassung; Serienveröffentlichung; Bootsmannkünstler; Erzählgedicht; Flugschriftstellerin; Gesellschaftsbibliothek; Kurzroman; Manierenliteratur; Newsletterverlag; Poetikschule; Romanchronik; Subliteratur; Theaterzensur; Umlaufbibliothek; Unabhängigkeitskrieg; Unterhaltungsaktivität; Arbeiterverband; Debattenthema; Endphase; Geschäftsleute; Hahnenfuß; Leseschrank; Literaturzeitschrift; Manierengeneration; Manierensystem; Neoklassizismus; Niedergang; Regierungszeit; Romanautor; Romantisch; Stand der Technik; Teufelswelt; Theaterform; Theaterwelt; Zwielichtjahr; Übergangsautor; Übergangsphase</subfield><subfield code="2">idssg-J</subfield></datafield><datafield ind1=" " ind2=" " tag="690"><subfield code="a">andere Form; gotischer Roman; literarische Kritik; narrative Romantik; privater Bereich; satirische Poesie; spanischer Hintergrund; spanische Wochenzeitung; weibliche Bruderschaft; weibliche Presse; zeitgenössische Realität; allgemeiner Index; alphabetischer Index; anderer Dichter; andere Erzählung; anderes Genre; andere Konfession; anderer Schriftsteller; archetypisches Gebiet; atypische Filiationserzählung; beliebte Theaterform; bibliografische Orientierung; burleske Poesie; burleskes Wörterbuch; dramatische Flugbahn; elisabethanisch Kolosseen; entscheidendes Jahr; erste Hälfte; erstes Jahrzehnt; erste Manierengeneration; erstes Mittelalter; erster Romantiker; europäischer Hintergrund; familiärer Bereich; familiäre Presse; formales Manierensystem; frühe Poesie; geistiges Eigentum; gelegentliche Werbemaßnahme; heilige Poesie; historischer Roman; historisches Drama; historische Realität; historische Romantik; historische Romanze; hohe Komödie; ideologische Knechtschaft; institutionelle Bibliothek; journalistische Arbeit; klassischer Epos; klassischer Hirt; kleiner Newsletterverlag; kleiner Stern; kreativer Horizont; kulturell Assoziationismus; letzte Welle; literarische Fabel; literarisches Genre; literarisches Kriterium; literarisches Leben; literarisches Vorbild; lyrische Bruderschaft; magische Komödie; malerische Wochenzeitung; mittelalterliche Affäre; narrativer Text; neoklassisches Ideal; optische Show; paratheatralische Form; patriotische Poesie; periodische Presse; poetische Schule; politische Absicht; politische Kritik; politische Macht; populärer Roman; populäre Folklore; private Bibliothek; problematische Charakterisierung; pädagogische Funktion; realistischer Roman; redaktioneller Erfolg; redaktionelle Produktion; regionalistischer Dramatiker; romanhafte Form; romantischer Brief; romantisches Drama; romantisches Erzählgedicht; romantische Kontroverse; roman</subfield><subfield code="2">idssg-J</subfield></datafield><datafield ind1=" " ind2=" " tag="690"><subfield code="a">tische Legende; romantische Poesie; romantische Rebellion; satirische Presse; sentimentaler Roman; sozialer Regionalismus; soziale Satire; spanisches Kapitel; spanische Romantik; späte Sammlung; stilistisch Pastiche; vorbildlicher Roman; vorbildliche Ideologie; weibliche Erzählung; weibliche Poesie; zeitgenössische Referenz; zweite Hälfte; öffentliche Meinung</subfield><subfield code="2">idssg-J</subfield></datafield><datafield ind1=" " ind2=" " tag="690"><subfield code="a">Spanien C4EUSP; Argentinien C3ARGE; Brasilien C3BRAZ; Welt C00WOR; Europa C4E; Italien C4EUIT; Frankreich C4EUFR; Uruguay C3URUG; Costa Rica C2COST</subfield><subfield code="2">idssg-J</subfield></datafield><datafield ind1=" " ind2=" " tag="690"><subfield code="a">Adelardo López; Agustín Durán; Alberto González Troyano; Alonso Seoane Rubén Benítez; Amalia Fenollosa; Angela Grassi; Antonio Alcala Galiano; Antonio Ferraz; Antonio Flores; Antonio García Gutiérrez; Antonio Gil; Aribau Ramón López Soler; Avellaneda; Ayala; Braulio Foz; Buenaventura Carlos Aribau Ramón López Soler; Carlo García Barrón; Carolina Coronado; Carrasco Salvador Bermúdez; Castro Gabriel García Tassara Miguel; David Gies Russell Sebold; Dolores Cabrera; Don Juan Juan Tenorio; Donald Shaw; Donoso Cortés; Díaz Jacinto Salas; Díaz Larios Ana; Enrique Blonde Kremaden; Enrique Gil; Enrique Pérez Escrich; Enrique Rubio Cremades; Ermanno Caldera Guillermo Carnero Carlos García Barrón; Espronceda; Esproncediana Galaxie Antonio Ros; Eugenio Hartzenbusch; Europa Episoden Debattenthemen; Faber; Felix San Vicente; Fernández Cifuentes Ana; Francisco Martínez; Francisco Pacheco; Frangois Botrel Giséle Cazottes; Frau Zugang; Freire López Patrizia Garelli David Gies Jesús Rubio Jiménez; Freire López Salvador García Castañeda Robert Marrast; GUILLERMO CARNERO ESPASA; Gabriel García Tassara; García Gutiérrez Hartzenbusch Gil; Gertrudis Gómez</subfield><subfield code="2">idssg-J</subfield></datafield><datafield ind1="1" ind2=" " tag="700"><subfield code="a">Romero Tobar, Leonardo</subfield><subfield code="d">1941-....</subfield><subfield code="0">(IDREF)028853946</subfield></datafield><datafield ind1="1" ind2=" " tag="700"><subfield code="a">Carnero, Guillermo</subfield><subfield code="d">1947-....</subfield><subfield code="0">(IDREF)029081599</subfield></datafield><datafield ind1="4" ind2=" " tag="856"><subfield code="u">https://tools.unisg.ch/url/hm00455990</subfield><subfield code="z">Inhaltsverzeichnis</subfield></datafield><datafield ind1=" " ind2="0" tag="830"><subfield code="a">Historia de la literatura española</subfield><subfield code="v">8-9</subfield><subfield code="w">(IDSSG)000108589HSB01</subfield></datafield><datafield ind1=" " ind2=" " tag="949"><subfield code="a">https://tools.unisg.ch/url/hm00455990</subfield></datafield><datafield ind1=" " ind2=" " tag="993"><subfield code="a">BFLA 101417/8</subfield><subfield code="x">ge/ules/a/97/270</subfield><subfield code="x">ge/ules/a/08/</subfield><subfield code="9">LOCAL</subfield></datafield></record>
</metadata></record>