<record><header><identifier>oai:alma.41SLSP_UGE:991000002229705502</identifier><datestamp>2023-03-20T01:08:06Z</datestamp><setSpec>uge_bcen_RapidILL_BOOK</setSpec><setSpec>uge_aaca_RapidILL_BOOK</setSpec><setSpec>uge_abels_RapidILL_BOOK</setSpec><setSpec>uge_dbu_RapidILL_BOOK</setSpec><setSpec>uge_cmu_RapidILL_BOOK</setSpec><setSpec>uge_mail_RapidILL_BOOK</setSpec><setSpec>uge_abbat_RapidILL_BOOK</setSpec><setSpec>UNIGE_ALL</setSpec><setSpec>uge_acar_RapidILL_BOOK</setSpec><setSpec>uge_aobs_RapidILL_BOOK</setSpec></header><metadata>
<record xmlns="http://www.loc.gov/MARC21/slim" xmlns:xsi="http://www.w3.org/2001/XMLSchema-instance" xsi:schemaLocation="http://www.loc.gov/MARC21/slim http://www.loc.gov/standards/marcxml/schema/MARC21slim.xsd"><leader>01066nam a2200325 c 4500</leader><controlfield tag="001">991000002229705502</controlfield><controlfield tag="005">20230319182940.0</controlfield><controlfield tag="008">110928s2011    fr ||||| |||| 00| ||fre d</controlfield><datafield ind1=" " ind2=" " tag="020"><subfield code="a">2352700949</subfield></datafield><datafield ind1=" " ind2=" " tag="020"><subfield code="a">9782352700944</subfield></datafield><datafield ind1=" " ind2=" " tag="020"><subfield code="a">9789954103395</subfield></datafield><datafield ind1=" " ind2=" " tag="020"><subfield code="a">9954103392</subfield></datafield><datafield ind1=" " ind2=" " tag="035"><subfield code="a">(swissbib)114693935-41slsp_network</subfield></datafield><datafield ind1=" " ind2=" " tag="035"><subfield code="a">114693935</subfield><subfield code="9">ExL</subfield></datafield><datafield ind1=" " ind2=" " tag="035"><subfield code="a">(RERO)R006301572-41slsp</subfield></datafield><datafield ind1=" " ind2=" " tag="035"><subfield code="a">(EXLNZ-41SLSP_NETWORK)991047366189705501</subfield></datafield><datafield ind1=" " ind2=" " tag="040"><subfield code="a">TZT</subfield><subfield code="d">CH-ZuSLS</subfield></datafield><datafield ind1="1" ind2=" " tag="041"><subfield code="a">fre</subfield><subfield code="h">ara</subfield></datafield><datafield ind1=" " ind2="7" tag="072"><subfield code="a">hg</subfield><subfield code="2">rero</subfield></datafield><datafield ind1="1" ind2="4" tag="082"><subfield code="a">890</subfield><subfield code="2">1</subfield></datafield><datafield ind1="1" ind2=" " tag="100"><subfield code="a">Zaydān, Ǧurǧī</subfield><subfield code="d">1861-1914</subfield><subfield code="0">(IDREF)067036104</subfield><subfield code="4">cre</subfield></datafield><datafield ind1="1" ind2="0" tag="245"><subfield code="a">&lt;&lt;La&gt;&gt; bataille de Poitiers</subfield><subfield code="b">[roman historique]</subfield><subfield code="c">Jurji Zaydan ; trad. de l'arabe par Jean-Marie Lesage</subfield></datafield><datafield ind1=" " ind2="1" tag="264"><subfield code="a">Paris</subfield><subfield code="b">Non lieu</subfield><subfield code="a">Casablanca</subfield><subfield code="b">Croisée des chemins</subfield><subfield code="c">2011</subfield></datafield><datafield ind1=" " ind2=" " tag="300"><subfield code="a">325 p.</subfield><subfield code="c">21 cm</subfield></datafield><datafield ind1=" " ind2=" " tag="336"><subfield code="b">txt</subfield><subfield code="2">rdacontent</subfield></datafield><datafield ind1=" " ind2=" " tag="337"><subfield code="b">n</subfield><subfield code="2">rdamedia</subfield></datafield><datafield ind1=" " ind2=" " tag="338"><subfield code="b">nc</subfield><subfield code="2">rdacarrier</subfield></datafield><datafield ind1="0" ind2=" " tag="490"><subfield code="a">Arabiques</subfield></datafield><datafield ind1=" " ind2="7" tag="650"><subfield code="a">Bataille de Poitiers (732)</subfield><subfield code="0">(IDREF)029685192</subfield><subfield code="2">idref</subfield></datafield><datafield ind1="1" ind2=" " tag="700"><subfield code="a">Lesage, Jean-Marie</subfield><subfield code="d">1951-....</subfield><subfield code="0">(IDREF)075207451</subfield></datafield><datafield ind1=" " ind2=" " tag="900"><subfield code="a">REROnoselfmerge</subfield></datafield></record>
</metadata></record>