<record><header><identifier>oai:alma.41SLSP_UGE:991000051689705502</identifier><datestamp>2023-03-01T01:08:52Z</datestamp><setSpec>uge_bcen_RapidILL_BOOK</setSpec><setSpec>uge_aaca_RapidILL_BOOK</setSpec><setSpec>uge_abels_RapidILL_BOOK</setSpec><setSpec>uge_dbu_RapidILL_BOOK</setSpec><setSpec>uge_cmu_RapidILL_BOOK</setSpec><setSpec>uge_mail_RapidILL_BOOK</setSpec><setSpec>UNIGE_ALL</setSpec><setSpec>uge_abbat_RapidILL_BOOK</setSpec><setSpec>uge_aobs_RapidILL_BOOK</setSpec><setSpec>uge_acar_RapidILL_BOOK</setSpec></header><metadata>
<record xmlns="http://www.loc.gov/MARC21/slim" xmlns:xsi="http://www.w3.org/2001/XMLSchema-instance" xsi:schemaLocation="http://www.loc.gov/MARC21/slim http://www.loc.gov/standards/marcxml/schema/MARC21slim.xsd"><leader>01116nam a2200313 c 4500</leader><controlfield tag="001">991000051689705502</controlfield><controlfield tag="005">20201231110018.0</controlfield><controlfield tag="008">201011s1969    xxu           00| | eng d</controlfield><datafield ind1=" " ind2=" " tag="019"><subfield code="a">SPI Retro 811027</subfield></datafield><datafield ind1=" " ind2=" " tag="035"><subfield code="a">(swissbib)230954812-41slsp_network</subfield></datafield><datafield ind1=" " ind2=" " tag="035"><subfield code="a">230954812</subfield><subfield code="9">ExL</subfield></datafield><datafield ind1=" " ind2=" " tag="035"><subfield code="a">(RERO)R253434260-41slsp</subfield></datafield><datafield ind1=" " ind2=" " tag="035"><subfield code="a">(NEBIS)000717304EBI01</subfield></datafield><datafield ind1=" " ind2=" " tag="035"><subfield code="a">(EXLNZ-41SLSP_NETWORK)991068373849705501</subfield></datafield><datafield ind1=" " ind2=" " tag="040"><subfield code="a">RERO geussc</subfield><subfield code="d">CH-ZuSLS</subfield></datafield><datafield ind1=" " ind2="7" tag="072"><subfield code="a">ur</subfield><subfield code="2">rero</subfield></datafield><datafield ind1="0" ind2="0" tag="245"><subfield code="a">&lt;&lt;A&gt;&gt; study of deep-well disposal of desalination brine waste</subfield><subfield code="c">by P.G. LeGros... [et al.]</subfield></datafield><datafield ind1=" " ind2="1" tag="264"><subfield code="a">Washington D.C.</subfield><subfield code="b">U.S. Department of the Interior</subfield><subfield code="c">1969</subfield></datafield><datafield ind1=" " ind2=" " tag="300"><subfield code="a">XI, 259 p.</subfield><subfield code="b">ill.</subfield><subfield code="c">26 cm</subfield></datafield><datafield ind1=" " ind2=" " tag="336"><subfield code="b">txt</subfield><subfield code="2">rdacontent</subfield></datafield><datafield ind1=" " ind2=" " tag="337"><subfield code="b">n</subfield><subfield code="2">rdamedia</subfield></datafield><datafield ind1=" " ind2=" " tag="338"><subfield code="b">nc</subfield><subfield code="2">rdacarrier</subfield></datafield><datafield ind1="1" ind2=" " tag="490"><subfield code="a">Research and development progress report</subfield><subfield code="v">no. 456</subfield></datafield><datafield ind1=" " ind2=" " tag="500"><subfield code="a">Contract No. 14-01-0001-1691</subfield></datafield><datafield ind1="1" ind2=" " tag="700"><subfield code="a">Legros, P.G</subfield><subfield code="0">(RERO)A005643952</subfield></datafield><datafield ind1=" " ind2=" " tag="830"><subfield code="a">Research and development progress report</subfield><subfield code="v">456</subfield><subfield code="w">(RERO)0913842-41slsp</subfield></datafield><datafield ind1=" " ind2=" " tag="830"><subfield code="a">RESEARCH AND DEVELOPMENT PROGRESS REPORT</subfield><subfield code="v">456</subfield><subfield code="w">(NEBIS)000052007EBI01</subfield></datafield><datafield ind1=" " ind2=" " tag="900"><subfield code="a">REROnoselfmerge</subfield></datafield><datafield ind1=" " ind2=" " tag="900"><subfield code="a">IDSERSPIdummy</subfield></datafield><datafield ind1=" " ind2=" " tag="900"><subfield code="a">IDSE1N25</subfield></datafield></record>
</metadata></record>