<record><header><identifier>oai:alma.41SLSP_UGE:991000002539705502</identifier><datestamp>2023-03-01T01:08:52Z</datestamp><setSpec>uge_cmu_RapidILL_JOURNAL</setSpec><setSpec>uge_aobs_RapidILL_JOURNAL</setSpec><setSpec>uge_aaca_RapidILL_JOURNAL</setSpec><setSpec>uge_abbat_RapidILL_JOURNAL</setSpec><setSpec>uge_bcen_RapidILL_JOURNAL</setSpec><setSpec>uge_mail_RapidILL_JOURNAL</setSpec><setSpec>uge_dbu_RapidILL_JOURNAL</setSpec><setSpec>UNIGE_ALL</setSpec><setSpec>uge_abels_RapidILL_JOURNAL</setSpec><setSpec>uge_acar_RapidILL_JOURNAL</setSpec></header><metadata>
<record xmlns="http://www.loc.gov/MARC21/slim" xmlns:xsi="http://www.w3.org/2001/XMLSchema-instance" xsi:schemaLocation="http://www.loc.gov/MARC21/slim http://www.loc.gov/standards/marcxml/schema/MARC21slim.xsd"><leader>02194nai a2200361 c 4500</leader><controlfield tag="001">991000002539705502</controlfield><controlfield tag="005">20230214200524.0</controlfield><controlfield tag="008">000920d19811994lu || l|  ||| 0    |fre d</controlfield><datafield ind1=" " ind2=" " tag="020"><subfield code="a">9282900347</subfield><subfield code="q">Ed. complète A à D</subfield></datafield><datafield ind1=" " ind2=" " tag="020"><subfield code="a">9282902056</subfield><subfield code="q">Livraison 4</subfield></datafield><datafield ind1=" " ind2=" " tag="020"><subfield code="a">9282902757</subfield><subfield code="q">Livraison 5</subfield></datafield><datafield ind1=" " ind2=" " tag="035"><subfield code="a">(swissbib)078724236-41slsp_network</subfield></datafield><datafield ind1=" " ind2=" " tag="035"><subfield code="a">078724236</subfield><subfield code="9">ExL</subfield></datafield><datafield ind1=" " ind2=" " tag="035"><subfield code="a">(RERO)0391889-41slsp</subfield></datafield><datafield ind1=" " ind2=" " tag="035"><subfield code="a">(EXLNZ-41SLSP_NETWORK)991143476359705501</subfield></datafield><datafield ind1=" " ind2=" " tag="040"><subfield code="a">RERO</subfield><subfield code="d">CH-ZuSLS</subfield></datafield><datafield ind1=" " ind2="7" tag="072"><subfield code="a">dr</subfield><subfield code="2">rero</subfield></datafield><datafield ind1=" " ind2=" " tag="084"><subfield code="a">CA/CE 11 d</subfield><subfield code="2">cjurrom</subfield></datafield><datafield ind1=" " ind2=" " tag="084"><subfield code="a">FA 11.1 d</subfield><subfield code="2">cjurrom</subfield></datafield><datafield ind1="0" ind2="0" tag="245"><subfield code="a">Répertoire de jurisprudence de droit communautaire</subfield><subfield code="n">Série D</subfield><subfield code="p">Jurisprudence de la Cour de justice des Communautés européennes et sélection de décisions des juridictions des Etats membres relatives à la convention du 27 septembre 1968 concernant la compétence judiciaire et l'exécution des décisions en matière civile et commerciale</subfield><subfield code="c">Cour de justice des Communautés européennes</subfield></datafield><datafield ind1="1" ind2=" " tag="246"><subfield code="a">Jurisprudence de la Cour de justice des Communautés européennes et sélection de décisions des juridictions des Etats membres relatives à la convention du 27 septembre 1968 [...]</subfield></datafield><datafield ind1=" " ind2="1" tag="264"><subfield code="a">Luxembourg</subfield><subfield code="b">Office des publications officielles des Communautés européennes</subfield><subfield code="c">1981-1994</subfield></datafield><datafield ind1=" " ind2=" " tag="300"><subfield code="c">23 cm</subfield></datafield><datafield ind1=" " ind2=" " tag="336"><subfield code="b">txt</subfield><subfield code="2">rdacontent</subfield></datafield><datafield ind1=" " ind2=" " tag="337"><subfield code="b">n</subfield><subfield code="2">rdamedia</subfield></datafield><datafield ind1=" " ind2=" " tag="338"><subfield code="b">nc</subfield><subfield code="2">rdacarrier</subfield></datafield><datafield ind1=" " ind2=" " tag="500"><subfield code="a">Publication à feuillets mobiles avec mises à jour périodiques</subfield></datafield><datafield ind1=" " ind2=" " tag="500"><subfield code="a">Remplace l'&quot;Aperçu de jurisprudence&quot; de la Cour de justice des Communautés européennes dont le contenu des fasc. 1 à 3 (1977-1979) a été intégré dans la nouvelles série D</subfield></datafield><datafield ind1="0" ind2=" " tag="505"><subfield code="a">Livraison 4: Jurisprudence de la Cour de justice des Communautés européennes de 1976 à 1987 ; jurisprudence des jurisdictions des Etats membres de 1973 à 1985</subfield></datafield><datafield ind1="0" ind2=" " tag="505"><subfield code="a">Livraison 5: Jurisprudence de la Cour de justice des Communautés européennes de 1976 à 1991 ; jurisprudence des jurisdictions des Etats membres de 1973 à 1990</subfield></datafield><datafield ind1=" " ind2="7" tag="650"><subfield code="a">Droit européen</subfield><subfield code="0">(IDREF)027467171</subfield><subfield code="2">idref</subfield></datafield><datafield ind1=" " ind2="7" tag="655"><subfield code="a">Jurisprudence</subfield><subfield code="0">(IDREF)02847094X</subfield><subfield code="2">idref</subfield></datafield><datafield ind1="2" ind2=" " tag="710"><subfield code="a">Communautés européennes</subfield><subfield code="b">Cour de justice</subfield><subfield code="0">(RERO)A000040325</subfield></datafield><datafield ind1=" " ind2=" " tag="900"><subfield code="a">REROnoselfmerge</subfield></datafield></record>
</metadata></record>