<record><header><identifier>oai:alma.41SLSP_UGE:991000052199705502</identifier><datestamp>2023-03-01T01:08:52Z</datestamp><setSpec>uge_bcen_RapidILL_BOOK</setSpec><setSpec>uge_aaca_RapidILL_BOOK</setSpec><setSpec>uge_abels_RapidILL_BOOK</setSpec><setSpec>uge_dbu_RapidILL_BOOK</setSpec><setSpec>uge_cmu_RapidILL_BOOK</setSpec><setSpec>uge_mail_RapidILL_BOOK</setSpec><setSpec>UNIGE_ALL</setSpec><setSpec>uge_abbat_RapidILL_BOOK</setSpec><setSpec>uge_aobs_RapidILL_BOOK</setSpec><setSpec>uge_acar_RapidILL_BOOK</setSpec></header><metadata>
<record xmlns="http://www.loc.gov/MARC21/slim" xmlns:xsi="http://www.w3.org/2001/XMLSchema-instance" xsi:schemaLocation="http://www.loc.gov/MARC21/slim http://www.loc.gov/standards/marcxml/schema/MARC21slim.xsd"><leader>01453nam a2200349 c 4500</leader><controlfield tag="001">991000052199705502</controlfield><controlfield tag="005">20201225180604.0</controlfield><controlfield tag="008">920529s1992    gw ||||| |||| 00| ||ger d</controlfield><datafield ind1=" " ind2=" " tag="020"><subfield code="a">3618665504</subfield><subfield code="q">Ln. Einzelbezug</subfield></datafield><datafield ind1=" " ind2=" " tag="020"><subfield code="a">3618665555</subfield><subfield code="q">Ld. Einzelbezug</subfield></datafield><datafield ind1="7" ind2=" " tag="024"><subfield code="a">http://catalogue.bnf.fr/ark:/12148/cb35613534q</subfield><subfield code="2">uri</subfield></datafield><datafield ind1=" " ind2=" " tag="035"><subfield code="a">(swissbib)086588311-41slsp_network</subfield></datafield><datafield ind1=" " ind2=" " tag="035"><subfield code="a">086588311</subfield><subfield code="9">ExL</subfield></datafield><datafield ind1=" " ind2=" " tag="035"><subfield code="a">(RERO)1533211-41slsp</subfield></datafield><datafield ind1=" " ind2=" " tag="035"><subfield code="a">(EXLNZ-41SLSP_NETWORK)991013519899705501</subfield></datafield><datafield ind1=" " ind2=" " tag="040"><subfield code="a">RERO geulal</subfield><subfield code="d">CH-ZuSLS</subfield></datafield><datafield ind1=" " ind2="7" tag="072"><subfield code="a">al</subfield><subfield code="2">rero</subfield></datafield><datafield ind1="1" ind2=" " tag="100"><subfield code="a">Grimmelshausen, Hans Jacob Christoph von</subfield><subfield code="d">1620?-1676</subfield><subfield code="0">(IDREF)028435656</subfield><subfield code="4">cre</subfield></datafield><datafield ind1="1" ind2="0" tag="245"><subfield code="a">Werke</subfield><subfield code="c">Hans Jacob Christoffel von Grimmelshausen ; hrsg. von Dieter Breuer.</subfield><subfield code="n">1,2</subfield></datafield><datafield ind1=" " ind2="1" tag="264"><subfield code="a">Frankfurt a.M.</subfield><subfield code="b">Deutscher Klassiker Verl.</subfield><subfield code="c">1992</subfield></datafield><datafield ind1=" " ind2=" " tag="300"><subfield code="a">1094 S.</subfield><subfield code="b">fac-sim.</subfield><subfield code="c">19 cm</subfield></datafield><datafield ind1=" " ind2=" " tag="336"><subfield code="b">txt</subfield><subfield code="2">rdacontent</subfield></datafield><datafield ind1=" " ind2=" " tag="337"><subfield code="b">n</subfield><subfield code="2">rdamedia</subfield></datafield><datafield ind1=" " ind2=" " tag="338"><subfield code="b">nc</subfield><subfield code="2">rdacarrier</subfield></datafield><datafield ind1="1" ind2=" " tag="490"><subfield code="a">Literatur im Zeitalter des Barock</subfield><subfield code="v">Bd. 4/2</subfield></datafield><datafield ind1="1" ind2=" " tag="490"><subfield code="a">Bibliothek der frühen Neuzeit</subfield><subfield code="v">Bd. 16/2</subfield><subfield code="v">Abt. 2, Bd. 4/2</subfield></datafield><datafield ind1="1" ind2=" " tag="490"><subfield code="a">Bibliothek deutscher Klassiker</subfield><subfield code="v">73</subfield></datafield><datafield ind1=" " ind2=" " tag="504"><subfield code="a">Bibliogr.: S. 1067-1091</subfield></datafield><datafield ind1="1" ind2=" " tag="800"><subfield code="a">Grimmelshausen, Hans Jakob Christoffel von</subfield><subfield code="t">Werke</subfield><subfield code="v">1,2</subfield></datafield><datafield ind1=" " ind2=" " tag="830"><subfield code="a">Bibliothek deutscher Klassiker</subfield><subfield code="p">Deutscher Klassiker Verl</subfield><subfield code="v">73</subfield><subfield code="w">(RERO)0678333-41slsp</subfield></datafield><datafield ind1=" " ind2=" " tag="830"><subfield code="a">Literatur im Zeitalter des Barock</subfield><subfield code="v">4/2</subfield><subfield code="w">(RERO)1183893-41slsp</subfield></datafield><datafield ind1=" " ind2=" " tag="830"><subfield code="a">Bibliothek der frühen Neuzeit</subfield><subfield code="v">2,4/2</subfield><subfield code="w">(RERO)1183775-41slsp</subfield></datafield><datafield ind1=" " ind2=" " tag="900"><subfield code="a">REROnoselfmerge</subfield></datafield></record>
</metadata></record>