<record><header><identifier>oai:alma.41SLSP_UGE:991000002329705502</identifier><datestamp>2023-03-01T01:08:52Z</datestamp><setSpec>uge_bcen_RapidILL_BOOK</setSpec><setSpec>uge_aaca_RapidILL_BOOK</setSpec><setSpec>uge_abels_RapidILL_BOOK</setSpec><setSpec>uge_dbu_RapidILL_BOOK</setSpec><setSpec>uge_cmu_RapidILL_BOOK</setSpec><setSpec>uge_mail_RapidILL_BOOK</setSpec><setSpec>UNIGE_ALL</setSpec><setSpec>uge_abbat_RapidILL_BOOK</setSpec><setSpec>uge_aobs_RapidILL_BOOK</setSpec><setSpec>uge_acar_RapidILL_BOOK</setSpec></header><metadata>
<record xmlns="http://www.loc.gov/MARC21/slim" xmlns:xsi="http://www.w3.org/2001/XMLSchema-instance" xsi:schemaLocation="http://www.loc.gov/MARC21/slim http://www.loc.gov/standards/marcxml/schema/MARC21slim.xsd"><leader>01605nam a2200409 c 4500</leader><controlfield tag="001">991000002329705502</controlfield><controlfield tag="005">20201231131058.0</controlfield><controlfield tag="008">201011s2002    xxk||||| |||| 00| ||eng d</controlfield><datafield ind1=" " ind2=" " tag="015"><subfield code="a">GBA1-V1146</subfield></datafield><datafield ind1=" " ind2=" " tag="020"><subfield code="a">1852334916</subfield></datafield><datafield ind1=" " ind2=" " tag="035"><subfield code="a">(swissbib)232039623-41slsp_network</subfield></datafield><datafield ind1=" " ind2=" " tag="035"><subfield code="a">232039623</subfield><subfield code="9">ExL</subfield></datafield><datafield ind1=" " ind2=" " tag="035"><subfield code="a">(RERO)R003164907-41slsp</subfield></datafield><datafield ind1=" " ind2=" " tag="035"><subfield code="a">(NEBIS)004206809EBI01</subfield></datafield><datafield ind1=" " ind2=" " tag="035"><subfield code="a">(EXLNZ-41SLSP_NETWORK)991075451609705501</subfield></datafield><datafield ind1=" " ind2=" " tag="040"><subfield code="a">RERO geussm</subfield><subfield code="d">CH-ZuSLS</subfield></datafield><datafield ind1=" " ind2="7" tag="072"><subfield code="a">ma</subfield><subfield code="2">rero</subfield></datafield><datafield ind1="0" ind2="0" tag="082"><subfield code="a">516.3/6</subfield><subfield code="2">21</subfield></datafield><datafield ind1=" " ind2=" " tag="084"><subfield code="a">53</subfield><subfield code="2">msc</subfield></datafield><datafield ind1="1" ind2=" " tag="100"><subfield code="a">Hurley, Donal J.</subfield><subfield code="d">1944-</subfield><subfield code="0">(IDREF)090217845</subfield><subfield code="4">cre</subfield></datafield><datafield ind1="1" ind2="0" tag="245"><subfield code="a">Topics in differential geometry</subfield><subfield code="b">a new approach using D-differentiation</subfield><subfield code="c">Donal J. Hurley and Michael A. Vandyck</subfield></datafield><datafield ind1=" " ind2="1" tag="264"><subfield code="a">London [etc.]</subfield><subfield code="b">Springer</subfield><subfield code="a">Chichester UK</subfield><subfield code="b">Praxis</subfield><subfield code="c">[2002]</subfield></datafield><datafield ind1=" " ind2="4" tag="264"><subfield code="c">© 2002</subfield></datafield><datafield ind1=" " ind2=" " tag="300"><subfield code="a">XIII, 173 p.</subfield><subfield code="b">ill.</subfield><subfield code="c">25 cm</subfield></datafield><datafield ind1=" " ind2=" " tag="336"><subfield code="b">txt</subfield><subfield code="2">rdacontent</subfield></datafield><datafield ind1=" " ind2=" " tag="337"><subfield code="b">n</subfield><subfield code="2">rdamedia</subfield></datafield><datafield ind1=" " ind2=" " tag="338"><subfield code="b">nc</subfield><subfield code="2">rdacarrier</subfield></datafield><datafield ind1=" " ind2="7" tag="650"><subfield code="a">Differentialgeometrie</subfield><subfield code="2">idszbz</subfield></datafield><datafield ind1=" " ind2="0" tag="650"><subfield code="a">Geometry, Differential</subfield></datafield><datafield ind1=" " ind2="7" tag="650"><subfield code="a">Differentialgeometrie</subfield><subfield code="0">(DE-588)4012248-7</subfield><subfield code="2">gnd</subfield></datafield><datafield ind1=" " ind2="7" tag="650"><subfield code="a">GEOMETRIE DIFFERENZIERBARER MANNIGFALTIGKEITEN</subfield><subfield code="9">ger</subfield><subfield code="0">(ETHUDK)000012963</subfield><subfield code="2">ethudk</subfield></datafield><datafield ind1=" " ind2="7" tag="650"><subfield code="a">LEHRBÜCHER (DOKUMENTENTYP)</subfield><subfield code="9">ger</subfield><subfield code="0">(ETHUDK)000000099</subfield><subfield code="2">ethudk</subfield></datafield><datafield ind1="1" ind2=" " tag="700"><subfield code="a">Vandyck, Michael A.</subfield><subfield code="d">1959-....</subfield><subfield code="0">(IDREF)090218132</subfield></datafield><datafield ind1="4" ind2=" " tag="856"><subfield code="3">Abstract / Autoreninformation</subfield><subfield code="u">https://toc.library.ethz.ch/objects/pdf/000025992_e01_1852334916_02.pdf</subfield><subfield code="q">pdf</subfield></datafield><datafield ind1=" " ind2=" " tag="900"><subfield code="a">REROnoselfmerge</subfield></datafield><datafield ind1=" " ind2=" " tag="900"><subfield code="a">IDSZ2zbzmon200201f</subfield><subfield code="c">IDSZ2meyc</subfield><subfield code="d">IDSZ2zbzswk200203b</subfield><subfield code="e">IDSZ2tschu</subfield></datafield><datafield ind1=" " ind2=" " tag="911"><subfield code="a">1 $aHurley, Donal J.,$d1944-</subfield></datafield><datafield ind1=" " ind2=" " tag="911"><subfield code="a">1 $aVandyck, Michael A.,$d1959-</subfield></datafield></record>
</metadata></record>