<record><header><identifier>oai:alma.41SLSP_UGE:991000003999705502</identifier><datestamp>2024-10-25T00:07:27Z</datestamp><setSpec>uge_bcen_RapidILL_BOOK</setSpec><setSpec>uge_aaca_RapidILL_BOOK</setSpec><setSpec>uge_abels_RapidILL_BOOK</setSpec><setSpec>uge_dbu_RapidILL_BOOK</setSpec><setSpec>uge_cmu_RapidILL_BOOK</setSpec><setSpec>uge_mail_RapidILL_BOOK</setSpec><setSpec>uge_abbat_RapidILL_BOOK</setSpec><setSpec>UNIGE_ALL</setSpec><setSpec>uge_aobs_RapidILL_BOOK</setSpec><setSpec>uge_acar_RapidILL_BOOK</setSpec></header><metadata>
<record xmlns="http://www.loc.gov/MARC21/slim" xmlns:xsi="http://www.w3.org/2001/XMLSchema-instance" xsi:schemaLocation="http://www.loc.gov/MARC21/slim http://www.loc.gov/standards/marcxml/schema/MARC21slim.xsd"><leader>01834nam a2200541 c 4500</leader><controlfield tag="001">991000003999705502</controlfield><controlfield tag="005">20230303205053.0</controlfield><controlfield tag="008">201011s1982    enk           000 0 eng|d</controlfield><datafield ind1=" " ind2=" " tag="015"><subfield code="a">GB8205751</subfield><subfield code="2">bnb</subfield></datafield><datafield ind1=" " ind2=" " tag="020"><subfield code="a">9780860030423</subfield></datafield><datafield ind1=" " ind2=" " tag="020"><subfield code="a">0860030423</subfield></datafield><datafield ind1=" " ind2=" " tag="035"><subfield code="a">(swissbib)222548657-41slsp_network</subfield></datafield><datafield ind1=" " ind2=" " tag="035"><subfield code="a">222548657</subfield><subfield code="9">ExL</subfield></datafield><datafield ind1=" " ind2=" " tag="035"><subfield code="a">(IDSLU)001257313ILU01</subfield></datafield><datafield ind1=" " ind2=" " tag="035"><subfield code="a">(RERO)0420727-41slsp</subfield></datafield><datafield ind1=" " ind2=" " tag="035"><subfield code="a">(NEBIS)006101538EBI01</subfield></datafield><datafield ind1=" " ind2=" " tag="035"><subfield code="a">(IDSBB)003476578DSV01</subfield></datafield><datafield ind1=" " ind2=" " tag="035"><subfield code="a">(OCoLC)899099071</subfield></datafield><datafield ind1=" " ind2=" " tag="035"><subfield code="a">(EXLNZ-41SLSP_NETWORK)991099128509705501</subfield></datafield><datafield ind1=" " ind2=" " tag="040"><subfield code="a">NLGGC</subfield><subfield code="b">ger</subfield><subfield code="e">rda</subfield><subfield code="d">CH-ZuSLS</subfield></datafield><datafield ind1=" " ind2="4" tag="050"><subfield code="a">HG221</subfield></datafield><datafield ind1=" " ind2="7" tag="072"><subfield code="a">172</subfield><subfield code="2">IDS LU</subfield></datafield><datafield ind1=" " ind2="7" tag="072"><subfield code="a">se</subfield><subfield code="2">rero</subfield></datafield><datafield ind1="0" ind2="0" tag="082"><subfield code="a">332.4</subfield><subfield code="2">19</subfield></datafield><datafield ind1="0" ind2="4" tag="082"><subfield code="a">332.4/1</subfield><subfield code="2">19</subfield></datafield><datafield ind1="0" ind2="4" tag="082"><subfield code="a">332.401</subfield></datafield><datafield ind1="1" ind2=" " tag="100"><subfield code="a">Laidler, David E. W.</subfield><subfield code="d">1938-</subfield><subfield code="0">(DE-588)121225976</subfield><subfield code="e">Verfasser</subfield><subfield code="4">aut</subfield><subfield code="6">880-01</subfield></datafield><datafield ind1="1" ind2=" " tag="880"><subfield code="6">100-01</subfield><subfield code="a">Laidler, David Ernest William</subfield><subfield code="c">économiste</subfield><subfield code="d">1938-....</subfield><subfield code="0">(IDREF)031613144</subfield><subfield code="4">cre</subfield></datafield><datafield ind1="1" ind2="0" tag="245"><subfield code="a">Monetarist perspectives</subfield><subfield code="c">David Laidler, University of Western Ontario</subfield></datafield><datafield ind1=" " ind2="1" tag="264"><subfield code="a">Oxford</subfield><subfield code="b">Philip Allan</subfield><subfield code="c">1982</subfield></datafield><datafield ind1=" " ind2=" " tag="300"><subfield code="a">XII, 218 p.</subfield><subfield code="c">22 cm</subfield></datafield><datafield ind1=" " ind2=" " tag="336"><subfield code="b">txt</subfield><subfield code="2">rdacontent</subfield></datafield><datafield ind1=" " ind2=" " tag="337"><subfield code="b">n</subfield><subfield code="2">rdamedia</subfield></datafield><datafield ind1=" " ind2=" " tag="338"><subfield code="b">nc</subfield><subfield code="2">rdacarrier</subfield></datafield><datafield ind1=" " ind2="7" tag="650"><subfield code="a">Recherche quantitative</subfield><subfield code="0">(IDREF)165366400</subfield><subfield code="2">idref</subfield></datafield><datafield ind1=" " ind2="7" tag="650"><subfield code="a">Monnaie</subfield><subfield code="0">(IDREF)027237893</subfield><subfield code="2">idref</subfield></datafield><datafield ind1=" " ind2="7" tag="650"><subfield code="a">Monetarismus</subfield><subfield code="0">(DE-588)4040050-5</subfield><subfield code="2">gnd</subfield></datafield><datafield ind1=" " ind2="7" tag="650"><subfield code="a">Quantitätstheorie</subfield><subfield code="0">(DE-588)4140037-9</subfield><subfield code="2">gnd</subfield></datafield><datafield ind1=" " ind2="0" tag="650"><subfield code="a">Macroeconomics</subfield></datafield><datafield ind1=" " ind2="0" tag="650"><subfield code="a">Monetary policy</subfield></datafield><datafield ind1=" " ind2="7" tag="650"><subfield code="a">Geldtheorie</subfield><subfield code="0">(DE-588)4121333-6</subfield><subfield code="2">gnd</subfield></datafield><datafield ind1=" " ind2="0" tag="650"><subfield code="a">Quantity theory of money</subfield></datafield><datafield ind1=" " ind2="4" tag="650"><subfield code="a">Geldtheorie</subfield></datafield><datafield ind1=" " ind2="4" tag="650"><subfield code="a">Monetarismus</subfield></datafield><datafield ind1=" " ind2="4" tag="650"><subfield code="a">Quantitätstheorie</subfield></datafield><datafield ind1=" " ind2=" " tag="690"><subfield code="a">Geld / Theorie / 1980- ersch.</subfield><subfield code="2">uzb-Z9</subfield></datafield><datafield ind1="4" ind2=" " tag="856"><subfield code="3">Inhaltsverzeichnis</subfield><subfield code="u">https://www.ub.unibas.ch/tox/IDSLUZ/001257313/PDF</subfield><subfield code="q">pdf</subfield></datafield><datafield ind1=" " ind2=" " tag="900"><subfield code="a">REROnoselfmerge</subfield></datafield><datafield ind1=" " ind2=" " tag="949"><subfield code="a">https://www.ub.unibas.ch/tox/IDSLUZ/001257313/PDF</subfield></datafield></record>
</metadata></record>