<record><header><identifier>oai:alma.41SLSP_UGE:991000051579705502</identifier><datestamp>2023-03-01T01:08:52Z</datestamp><setSpec>UNIGE_ALL</setSpec></header><metadata>
<record xmlns="http://www.loc.gov/MARC21/slim" xmlns:xsi="http://www.w3.org/2001/XMLSchema-instance" xsi:schemaLocation="http://www.loc.gov/MARC21/slim http://www.loc.gov/standards/marcxml/schema/MARC21slim.xsd"><leader>01012njm a22003017c 4500</leader><controlfield tag="001">991000051579705502</controlfield><controlfield tag="005">20201222195126.0</controlfield><controlfield tag="007">sd b||||||||||</controlfield><controlfield tag="008">110122nuuuuuuuuxx ||n |            fre d</controlfield><datafield ind1="0" ind2="2" tag="028"><subfield code="a">Gravure Universelle MBM 1</subfield></datafield><datafield ind1=" " ind2=" " tag="035"><subfield code="a">(swissbib)113579020-41slsp_network</subfield></datafield><datafield ind1=" " ind2=" " tag="035"><subfield code="a">113579020</subfield><subfield code="9">ExL</subfield></datafield><datafield ind1=" " ind2=" " tag="035"><subfield code="a">(RERO)R006023425-41slsp</subfield></datafield><datafield ind1=" " ind2=" " tag="035"><subfield code="a">(EXLNZ-41SLSP_NETWORK)991010296229705501</subfield></datafield><datafield ind1=" " ind2=" " tag="040"><subfield code="a">RERO geulmu</subfield><subfield code="d">CH-ZuSLS</subfield></datafield><datafield ind1="0" ind2=" " tag="041"><subfield code="a">eng</subfield><subfield code="a">fre</subfield><subfield code="a">dut</subfield><subfield code="a">ger</subfield></datafield><datafield ind1=" " ind2="7" tag="072"><subfield code="a">mu</subfield><subfield code="2">rero</subfield></datafield><datafield ind1="1" ind2=" " tag="100"><subfield code="a">Hamal, Jean-Noël</subfield><subfield code="0">(RERO)A003343587</subfield><subfield code="4">cre</subfield></datafield><datafield ind1="1" ind2="0" tag="245"><subfield code="a">Judith Triumphans</subfield><subfield code="b">Oratorio</subfield><subfield code="c">Jean-Noël Hamal</subfield></datafield><datafield ind1=" " ind2=" " tag="300"><subfield code="a">1 disque sonore</subfield><subfield code="b">33 t.</subfield></datafield><datafield ind1=" " ind2=" " tag="336"><subfield code="b">prm</subfield><subfield code="2">rdacontent</subfield></datafield><datafield ind1=" " ind2=" " tag="337"><subfield code="b">s</subfield><subfield code="2">rdamedia</subfield></datafield><datafield ind1=" " ind2=" " tag="338"><subfield code="b">sd</subfield><subfield code="2">rdacarrier</subfield></datafield><datafield ind1=" " ind2=" " tag="500"><subfield code="a">Formation: solistes vocaux, choeur, orchestre symphonique</subfield></datafield><datafield ind1=" " ind2=" " tag="500"><subfield code="a">Langue(s) chantée(s) : latin</subfield></datafield><datafield ind1="0" ind2=" " tag="505"><subfield code="a">[Oratorios (3). &quot;Judith Triumphans&quot;. Solistes, choeur, orchestre]</subfield></datafield><datafield ind1="1" ind2=" " tag="700"><subfield code="a">Anspach, Frédéric</subfield><subfield code="0">(RERO)A018771414</subfield></datafield><datafield ind1="1" ind2=" " tag="700"><subfield code="a">Ceuppens, Maria</subfield><subfield code="0">(RERO)A018771415</subfield></datafield><datafield ind1=" " ind2=" " tag="900"><subfield code="a">REROnoselfmerge</subfield></datafield><datafield ind1=" " ind2=" " tag="960"><subfield code="2">matmu</subfield><subfield code="a">Belgique ; XVIIIe ; Classicisme ; Oratorios ; Musique sacrée</subfield><subfield code="9">LOCAL</subfield></datafield></record>
</metadata></record>