<record><header><identifier>oai:alma.41SLSP_UGE:991000002769705502</identifier><datestamp>2023-04-18T00:10:28Z</datestamp><setSpec>uge_bcen_RapidILL_BOOK</setSpec><setSpec>uge_aaca_RapidILL_BOOK</setSpec><setSpec>uge_abels_RapidILL_BOOK</setSpec><setSpec>uge_dbu_RapidILL_BOOK</setSpec><setSpec>uge_cmu_RapidILL_BOOK</setSpec><setSpec>uge_mail_RapidILL_BOOK</setSpec><setSpec>uge_abbat_RapidILL_BOOK</setSpec><setSpec>UNIGE_ALL</setSpec><setSpec>uge_acar_RapidILL_BOOK</setSpec><setSpec>uge_aobs_RapidILL_BOOK</setSpec></header><metadata>
<record xmlns="http://www.loc.gov/MARC21/slim" xmlns:xsi="http://www.w3.org/2001/XMLSchema-instance" xsi:schemaLocation="http://www.loc.gov/MARC21/slim http://www.loc.gov/standards/marcxml/schema/MARC21slim.xsd"><leader>03773nam a2200889 c 4500</leader><controlfield tag="001">991000002769705502</controlfield><controlfield tag="005">20230417203812.0</controlfield><controlfield tag="008">201012s2014    xxu||||| |||| 00| ||eng d</controlfield><datafield ind1=" " ind2=" " tag="010"><subfield code="a">2014006290</subfield></datafield><datafield ind1=" " ind2=" " tag="015"><subfield code="a">GBB4B3066</subfield><subfield code="2">bnb</subfield></datafield><datafield ind1=" " ind2=" " tag="020"><subfield code="a">9780295994123</subfield><subfield code="q">hbk.</subfield><subfield code="c">£22.99</subfield></datafield><datafield ind1=" " ind2=" " tag="020"><subfield code="a">0295994126</subfield><subfield code="q">cloth : alk. paper</subfield></datafield><datafield ind1=" " ind2=" " tag="020"><subfield code="a">0295805587</subfield><subfield code="q">electronic bk.</subfield></datafield><datafield ind1=" " ind2=" " tag="020"><subfield code="a">9780295805580</subfield><subfield code="q">electronic bk.</subfield></datafield><datafield ind1=" " ind2=" " tag="035"><subfield code="a">(swissbib)234756632-41slsp_network</subfield></datafield><datafield ind1=" " ind2=" " tag="035"><subfield code="a">234756632</subfield><subfield code="9">ExL</subfield></datafield><datafield ind1=" " ind2=" " tag="035"><subfield code="a">(RERO)R008062914-41slsp</subfield></datafield><datafield ind1=" " ind2=" " tag="035"><subfield code="a">(IDSBB)006314608DSV01</subfield></datafield><datafield ind1=" " ind2=" " tag="035"><subfield code="a">(NEBIS)010404775EBI01</subfield></datafield><datafield ind1=" " ind2=" " tag="035"><subfield code="a">(OCoLC)875520704</subfield><subfield code="z">(OCoLC)893841345</subfield></datafield><datafield ind1=" " ind2=" " tag="035"><subfield code="a">(EXLNZ-41SLSP_NETWORK)991036443889705501</subfield></datafield><datafield ind1=" " ind2=" " tag="040"><subfield code="a">RERO geulhg</subfield><subfield code="d">CH-ZuSLS</subfield></datafield><datafield ind1=" " ind2=" " tag="050"><subfield code="a">HT352.U62</subfield><subfield code="b">W473 2014</subfield></datafield><datafield ind1=" " ind2="7" tag="072"><subfield code="a">ur</subfield><subfield code="2">rero</subfield></datafield><datafield ind1=" " ind2="7" tag="072"><subfield code="a">ht</subfield><subfield code="2">rero</subfield></datafield><datafield ind1=" " ind2="7" tag="072"><subfield code="a">gg</subfield><subfield code="2">SzZuIDS BS/BE</subfield></datafield><datafield ind1="0" ind2="4" tag="082"><subfield code="a">307.760978</subfield><subfield code="2">23</subfield></datafield><datafield ind1="1" ind2=" " tag="100"><subfield code="a">Bramwell, Lincoln</subfield><subfield code="0">(IDREF)182679098</subfield><subfield code="4">cre</subfield></datafield><datafield ind1="1" ind2="0" tag="245"><subfield code="a">Wilderburbs</subfield><subfield code="b">communities on nature's edge</subfield><subfield code="c">Lincoln Bramwell ; [foreword by William Cronon]</subfield></datafield><datafield ind1=" " ind2="1" tag="264"><subfield code="a">Seattle</subfield><subfield code="b">University of Washington Press</subfield><subfield code="c">2014</subfield></datafield><datafield ind1=" " ind2=" " tag="300"><subfield code="a">xxiv, 309 pages</subfield><subfield code="b">maps, illustrations</subfield></datafield><datafield ind1=" " ind2=" " tag="336"><subfield code="b">txt</subfield><subfield code="2">rdacontent</subfield></datafield><datafield ind1=" " ind2=" " tag="337"><subfield code="b">n</subfield><subfield code="2">rdamedia</subfield></datafield><datafield ind1=" " ind2=" " tag="338"><subfield code="b">nc</subfield><subfield code="2">rdacarrier</subfield></datafield><datafield ind1="1" ind2=" " tag="490"><subfield code="a">Weyerhaeuser environmental books</subfield></datafield><datafield ind1=" " ind2=" " tag="502"><subfield code="a">Diss. University of New Mexico Albuquerque</subfield></datafield><datafield ind1=" " ind2=" " tag="504"><subfield code="a">Bibliography: pages 265-300</subfield></datafield><datafield ind1=" " ind2=" " tag="504"><subfield code="a">Includes bibliographical references and index</subfield></datafield><datafield ind1=" " ind2="7" tag="648"><subfield code="a">Geschichte 1950-2014</subfield><subfield code="2">gnd</subfield></datafield><datafield ind1=" " ind2="7" tag="650"><subfield code="a">Espaces naturels</subfield><subfield code="0">(IDREF)03254670X</subfield><subfield code="2">idref</subfield></datafield><datafield ind1=" " ind2="7" tag="650"><subfield code="a">Naturalité (environnement)</subfield><subfield code="0">(IDREF)194526348</subfield><subfield code="2">idref</subfield></datafield><datafield ind1=" " ind2="7" tag="650"><subfield code="a">Urbanisation</subfield><subfield code="0">(IDREF)027255034</subfield><subfield code="2">idref</subfield></datafield><datafield ind1=" " ind2="7" tag="650"><subfield code="a">Banlieues</subfield><subfield code="0">(IDREF)027313344</subfield><subfield code="2">idref</subfield></datafield><datafield ind1=" " ind2="7" tag="650"><subfield code="a">Campagne</subfield><subfield code="0">(IDREF)109095952</subfield><subfield code="2">idref</subfield></datafield><datafield ind1=" " ind2="7" tag="650"><subfield code="a">Écologie humaine</subfield><subfield code="0">(IDREF)027311198</subfield><subfield code="2">idref</subfield></datafield><datafield ind1=" " ind2="7" tag="650"><subfield code="a">Utilisation du sol</subfield><subfield code="0">(IDREF)027481069</subfield><subfield code="2">idref</subfield></datafield><datafield ind1=" " ind2="7" tag="650"><subfield code="a">20e siècle-21e siècle (début)</subfield><subfield code="0">(RERO)A022440359</subfield><subfield code="2">rero</subfield></datafield><datafield ind1=" " ind2="7" tag="650"><subfield code="a">Vorort</subfield><subfield code="0">(DE-588)4188691-4</subfield><subfield code="2">gnd</subfield></datafield><datafield ind1=" " ind2="7" tag="650"><subfield code="a">Wildnis</subfield><subfield code="0">(DE-588)4127225-0</subfield><subfield code="2">gnd</subfield></datafield><datafield ind1=" " ind2="7" tag="650"><subfield code="a">Wohngebiet</subfield><subfield code="0">(DE-588)4066752-2</subfield><subfield code="2">gnd</subfield></datafield><datafield ind1=" " ind2="0" tag="650"><subfield code="a">Rural development</subfield><subfield code="x">Environmental aspects</subfield><subfield code="z">West (U.S.)</subfield></datafield><datafield ind1=" " ind2="0" tag="650"><subfield code="a">Wildland-urban interface</subfield><subfield code="z">West (U.S.)</subfield></datafield><datafield ind1=" " ind2="0" tag="650"><subfield code="a">Suburbs</subfield><subfield code="z">West (U.S.)</subfield></datafield><datafield ind1=" " ind2="0" tag="650"><subfield code="a">Urban-rural migration</subfield><subfield code="z">West (U.S.)</subfield></datafield><datafield ind1=" " ind2="0" tag="650"><subfield code="a">Rural development</subfield><subfield code="z">West (U.S.)</subfield></datafield><datafield ind1=" " ind2="0" tag="650"><subfield code="a">Land use, Rural</subfield><subfield code="z">West (U.S.)</subfield></datafield><datafield ind1=" " ind2="7" tag="650"><subfield code="a">Land use, Rural</subfield><subfield code="2">fast</subfield></datafield><datafield ind1=" " ind2="7" tag="650"><subfield code="a">Rural development</subfield><subfield code="2">fast</subfield></datafield><datafield ind1=" " ind2="7" tag="650"><subfield code="a">Suburbs</subfield><subfield code="2">fast</subfield></datafield><datafield ind1=" " ind2="7" tag="650"><subfield code="a">Urban-rural migration</subfield><subfield code="2">fast</subfield></datafield><datafield ind1=" " ind2="7" tag="650"><subfield code="a">Wildland-urban interface</subfield><subfield code="2">fast</subfield></datafield><datafield ind1=" " ind2="7" tag="650"><subfield code="a">LANDFLUCHT + STADTFLUCHT (INNENPOLITIK)</subfield><subfield code="9">ger</subfield><subfield code="0">(ETHUDK)000010198</subfield><subfield code="2">ethudk</subfield></datafield><datafield ind1=" " ind2="7" tag="650"><subfield code="a">LANDNUTZUNG (RAUMPLANUNG)</subfield><subfield code="9">ger</subfield><subfield code="0">(ETHUDK)000035362</subfield><subfield code="2">ethudk</subfield></datafield><datafield ind1=" " ind2="7" tag="650"><subfield code="a">LÄNDLICHE ENTWICKLUNG (RAUMPLANUNG)</subfield><subfield code="9">ger</subfield><subfield code="0">(ETHUDK)000059850</subfield><subfield code="2">ethudk</subfield></datafield><datafield ind1=" " ind2="7" tag="650"><subfield code="a">SIEDLUNGSGESCHICHTE (SIEDLUNGSKUNDE)</subfield><subfield code="9">ger</subfield><subfield code="0">(ETHUDK)000036631</subfield><subfield code="2">ethudk</subfield></datafield><datafield ind1=" " ind2="7" tag="650"><subfield code="a">UNGEPLANTE ERSCHLIESSUNG + ZERSIEDELUNG (RAUMPLANUNG)</subfield><subfield code="9">ger</subfield><subfield code="0">(ETHUDK)000066127</subfield><subfield code="2">ethudk</subfield></datafield><datafield ind1=" " ind2="7" tag="650"><subfield code="a">WESTSTAATEN + MOUNTAIN STATES (USA)</subfield><subfield code="9">ger</subfield><subfield code="0">(ETHUDK)000008000</subfield><subfield code="2">ethudk</subfield></datafield><datafield ind1=" " ind2="7" tag="650"><subfield code="a">WILDNIS (GEOGRAFIE)</subfield><subfield code="9">ger</subfield><subfield code="0">(ETHUDK)000048198</subfield><subfield code="2">ethudk</subfield></datafield><datafield ind1=" " ind2="7" tag="650"><subfield code="a">ZWANZIGSTES JAHRHUNDERT N. CHR.</subfield><subfield code="9">ger</subfield><subfield code="0">(ETHUDK)000008907</subfield><subfield code="2">ethudk</subfield></datafield><datafield ind1=" " ind2="7" tag="651"><subfield code="a">États-Unis (ouest)</subfield><subfield code="0">(IDREF)027597334</subfield><subfield code="2">idref</subfield></datafield><datafield ind1=" " ind2="7" tag="651"><subfield code="a">USA</subfield><subfield code="x">Weststaaten</subfield><subfield code="0">(DE-588)4135535-0</subfield><subfield code="2">gnd</subfield></datafield><datafield ind1=" " ind2="7" tag="651"><subfield code="a">United States, West</subfield><subfield code="2">fast</subfield></datafield><datafield ind1=" " ind2="7" tag="655"><subfield code="a">Hochschulschrift</subfield><subfield code="2">gnd-content</subfield></datafield><datafield ind1="1" ind2=" " tag="700"><subfield code="a">Cronon, William</subfield><subfield code="d">1954-</subfield><subfield code="0">(RERO)A003144745</subfield></datafield><datafield ind1="4" ind2=" " tag="856"><subfield code="3">Inhaltsverzeichnis</subfield><subfield code="u">http://www.ub.unibas.ch/tox/IDSBB/006314608/PDF</subfield><subfield code="q">pdf</subfield></datafield><datafield ind1=" " ind2="0" tag="830"><subfield code="a">Weyerhaeuser environmental books</subfield><subfield code="w">(RERO)R226117060-41slsp</subfield></datafield><datafield ind1=" " ind2=" " tag="900"><subfield code="a">REROnoselfmerge</subfield></datafield><datafield ind1=" " ind2=" " tag="949"><subfield code="a">http://www.ub.unibas.ch/tox/IDSBB/006314608/PDF</subfield></datafield></record>
</metadata></record>