<record><header><identifier>oai:alma.41SLSP_UGE:991000003789705502</identifier><datestamp>2023-04-08T00:23:10Z</datestamp><setSpec>uge_bcen_RapidILL_BOOK</setSpec><setSpec>uge_aaca_RapidILL_BOOK</setSpec><setSpec>uge_abels_RapidILL_BOOK</setSpec><setSpec>uge_dbu_RapidILL_BOOK</setSpec><setSpec>uge_cmu_RapidILL_BOOK</setSpec><setSpec>uge_mail_RapidILL_BOOK</setSpec><setSpec>uge_abbat_RapidILL_BOOK</setSpec><setSpec>UNIGE_ALL</setSpec><setSpec>uge_acar_RapidILL_BOOK</setSpec><setSpec>uge_aobs_RapidILL_BOOK</setSpec></header><metadata>
<record xmlns="http://www.loc.gov/MARC21/slim" xmlns:xsi="http://www.w3.org/2001/XMLSchema-instance" xsi:schemaLocation="http://www.loc.gov/MARC21/slim http://www.loc.gov/standards/marcxml/schema/MARC21slim.xsd"><leader>02192nam a2200457 c 4500</leader><controlfield tag="001">991000003789705502</controlfield><controlfield tag="005">20230406193230.0</controlfield><controlfield tag="008">201012s2011    gw ||||| |||| 10| ||eng d</controlfield><datafield ind1=" " ind2=" " tag="020"><subfield code="a">9783642193996</subfield><subfield code="q">part 1</subfield></datafield><datafield ind1=" " ind2=" " tag="020"><subfield code="a">9783642194368</subfield><subfield code="q">part 2</subfield></datafield><datafield ind1=" " ind2=" " tag="020"><subfield code="a">9783642194009</subfield><subfield code="q">part 1, ebook</subfield></datafield><datafield ind1=" " ind2=" " tag="020"><subfield code="a">9783642194375</subfield><subfield code="q">part 2, ebook</subfield></datafield><datafield ind1=" " ind2=" " tag="035"><subfield code="a">(swissbib)239454758-41slsp_network</subfield></datafield><datafield ind1=" " ind2=" " tag="035"><subfield code="a">239454758</subfield><subfield code="9">ExL</subfield></datafield><datafield ind1=" " ind2=" " tag="035"><subfield code="a">(RERO)R005984071-41slsp</subfield></datafield><datafield ind1=" " ind2=" " tag="035"><subfield code="a">(NEBIS)006419277EBI01</subfield></datafield><datafield ind1=" " ind2=" " tag="035"><subfield code="a">(EXLNZ-41SLSP_NETWORK)991143955499705501</subfield></datafield><datafield ind1=" " ind2=" " tag="040"><subfield code="a">RERO geucui</subfield><subfield code="d">CH-ZuSLS</subfield></datafield><datafield ind1=" " ind2="7" tag="072"><subfield code="a">in</subfield><subfield code="2">rero</subfield></datafield><datafield ind1="0" ind2="0" tag="245"><subfield code="a">Computational linguistics and intelligent text processing</subfield><subfield code="b">12th international conference, CICLing 2011, Tokyo, Japan, February 20-26, 2011 : proceedings</subfield><subfield code="c">Alexander Gelbukh, (ed.)</subfield></datafield><datafield ind1="1" ind2=" " tag="246"><subfield code="a">CICLing 2011</subfield></datafield><datafield ind1=" " ind2="1" tag="264"><subfield code="a">Berlin</subfield><subfield code="b">Springer</subfield><subfield code="c">2011</subfield></datafield><datafield ind1=" " ind2=" " tag="300"><subfield code="a">2 vol.</subfield><subfield code="b">ill.</subfield></datafield><datafield ind1=" " ind2=" " tag="336"><subfield code="b">txt</subfield><subfield code="2">rdacontent</subfield></datafield><datafield ind1=" " ind2=" " tag="337"><subfield code="b">n</subfield><subfield code="2">rdamedia</subfield></datafield><datafield ind1=" " ind2=" " tag="338"><subfield code="b">nc</subfield><subfield code="2">rdacarrier</subfield></datafield><datafield ind1="1" ind2=" " tag="490"><subfield code="a">Theoretical computer science and general issues. Sublibrary of Lecture notes in computer science</subfield><subfield code="v">6608-6609</subfield></datafield><datafield ind1=" " ind2="7" tag="650"><subfield code="a">Traitement de texte</subfield><subfield code="0">(IDREF)027269906</subfield><subfield code="2">idref</subfield></datafield><datafield ind1=" " ind2="7" tag="650"><subfield code="a">Linguistique</subfield><subfield code="0">(IDREF)027236005</subfield><subfield code="2">idref</subfield></datafield><datafield ind1=" " ind2="7" tag="650"><subfield code="a">Informatique</subfield><subfield code="0">(IDREF)027234886</subfield><subfield code="2">idref</subfield></datafield><datafield ind1=" " ind2="7" tag="650"><subfield code="a">COMPUTERLINGUISTIK</subfield><subfield code="9">ger</subfield><subfield code="0">(ETHUDK)000048876</subfield><subfield code="2">ethudk</subfield></datafield><datafield ind1=" " ind2="7" tag="650"><subfield code="a">VERARBEITUNG DER NATÜRLICHEN SPRACHE (KÜNSTLICHE INTELLIGENZ)</subfield><subfield code="9">ger</subfield><subfield code="0">(ETHUDK)000048850</subfield><subfield code="2">ethudk</subfield></datafield><datafield ind1=" " ind2="7" tag="655"><subfield code="a">Actes de congrès</subfield><subfield code="0">(IDREF)02886431X</subfield><subfield code="2">idref</subfield></datafield><datafield ind1=" " ind2="7" tag="655"><subfield code="a">Ausstellungskatalog</subfield><subfield code="z">Tokyo</subfield><subfield code="y">2011</subfield><subfield code="2">gnd-content</subfield></datafield><datafield ind1="1" ind2=" " tag="700"><subfield code="a">Gelbukh, Alexander</subfield><subfield code="d">1962-....</subfield><subfield code="0">(IDREF)058923209</subfield></datafield><datafield ind1="2" ind2=" " tag="711"><subfield code="a">Annual Conference on Intelligent Text Processing and Computational Linguistics</subfield><subfield code="0">(DE-588)1092260323</subfield></datafield><datafield ind1="2" ind2=" " tag="711"><subfield code="a">CICLing</subfield><subfield code="n">12</subfield><subfield code="d">2011</subfield><subfield code="c">Tokyo</subfield><subfield code="0">(RERO)A023114169</subfield></datafield><datafield ind1="4" ind2=" " tag="856"><subfield code="3">Titelblatt und Inhaltsverzeichnis</subfield><subfield code="u">https://toc.library.ethz.ch/objects/pdf/e01_978-3-642-19399-6_01.pdf</subfield><subfield code="q">pdf</subfield></datafield><datafield ind1=" " ind2=" " tag="830"><subfield code="a">Lecture notes in computer science</subfield><subfield code="v">6608-6609</subfield><subfield code="w">(RERO)0078255-41slsp</subfield></datafield><datafield ind1=" " ind2=" " tag="830"><subfield code="a">Lecture notes in computer science</subfield><subfield code="n">5000 (2008) - 6999 (2012)</subfield><subfield code="v">6608-6609</subfield><subfield code="w">(NEBIS)005538193EBI01</subfield></datafield><datafield ind1=" " ind2=" " tag="900"><subfield code="a">REROnoselfmerge</subfield></datafield><datafield ind1=" " ind2=" " tag="949"><subfield code="a">https://toc.library.ethz.ch/objects/pdf/e01_978-3-642-19399-6_01.pdf</subfield></datafield></record>
</metadata></record>