<record><header><identifier>oai:alma.41SLSP_UGE:991000052099705502</identifier><datestamp>2024-04-11T00:19:17Z</datestamp><setSpec>uge_bcen_RapidILL_BOOK</setSpec><setSpec>uge_aaca_RapidILL_BOOK</setSpec><setSpec>uge_abels_RapidILL_BOOK</setSpec><setSpec>uge_dbu_RapidILL_BOOK</setSpec><setSpec>uge_cmu_RapidILL_BOOK</setSpec><setSpec>uge_mail_RapidILL_BOOK</setSpec><setSpec>uge_abbat_RapidILL_BOOK</setSpec><setSpec>UNIGE_ALL</setSpec><setSpec>uge_aobs_RapidILL_BOOK</setSpec><setSpec>uge_acar_RapidILL_BOOK</setSpec></header><metadata>
<record xmlns="http://www.loc.gov/MARC21/slim" xmlns:xsi="http://www.w3.org/2001/XMLSchema-instance" xsi:schemaLocation="http://www.loc.gov/MARC21/slim http://www.loc.gov/standards/marcxml/schema/MARC21slim.xsd"><leader>06875nam a2200997 c 4500</leader><controlfield tag="001">991000052099705502</controlfield><controlfield tag="005">20240410142322.0</controlfield><controlfield tag="008">201011t20192019sz |||||      00| ||ger| </controlfield><datafield ind1=" " ind2=" " tag="015"><subfield code="a">19,N34</subfield><subfield code="2">dnb</subfield></datafield><datafield ind1="7" ind2=" " tag="016"><subfield code="a">1192986997</subfield><subfield code="2">DE-101</subfield></datafield><datafield ind1=" " ind2=" " tag="020"><subfield code="a">3038910929</subfield></datafield><datafield ind1=" " ind2=" " tag="020"><subfield code="a">9783038910923</subfield><subfield code="c">EUR 61.00 (DE), EUR 61.00 (AT), CHF 58.00 (freier Preis)</subfield></datafield><datafield ind1="3" ind2=" " tag="024"><subfield code="a">9783038910923</subfield></datafield><datafield ind1=" " ind2=" " tag="035"><subfield code="a">(swissbib)229011012-41slsp_network</subfield></datafield><datafield ind1=" " ind2=" " tag="035"><subfield code="a">229011012</subfield><subfield code="9">ExL</subfield></datafield><datafield ind1=" " ind2=" " tag="035"><subfield code="a">(IDSLU)001370508ILU01</subfield></datafield><datafield ind1=" " ind2=" " tag="035"><subfield code="a">(IDSBB)007111502DSV01</subfield></datafield><datafield ind1=" " ind2=" " tag="035"><subfield code="a">(NEBIS)011487623EBI01</subfield></datafield><datafield ind1=" " ind2=" " tag="035"><subfield code="a">(IDSSG)001060269HSB01</subfield></datafield><datafield ind1=" " ind2=" " tag="035"><subfield code="a">(RERO)R008954259-41slsp</subfield></datafield><datafield ind1=" " ind2=" " tag="035"><subfield code="a">(DE-599)DNB1192986997</subfield></datafield><datafield ind1=" " ind2=" " tag="035"><subfield code="a">(OCoLC)1112881231</subfield></datafield><datafield ind1=" " ind2=" " tag="035"><subfield code="a">(OCoLC)1119598650</subfield></datafield><datafield ind1=" " ind2=" " tag="035"><subfield code="a">(ABN)000856325ABN01</subfield></datafield><datafield ind1=" " ind2=" " tag="035"><subfield code="a">(ALEX)bv9926029805001791</subfield></datafield><datafield ind1=" " ind2=" " tag="035"><subfield code="a">(EXLNZ-41SLSP_NETWORK)991083542959705501</subfield></datafield><datafield ind1=" " ind2=" " tag="040"><subfield code="a">1145</subfield><subfield code="b">ger</subfield><subfield code="e">rda</subfield><subfield code="d">CH-ZuSLS</subfield></datafield><datafield ind1="0" ind2=" " tag="041"><subfield code="a">ger</subfield></datafield><datafield ind1=" " ind2=" " tag="044"><subfield code="a">sz</subfield><subfield code="c">ch-zh</subfield></datafield><datafield ind1=" " ind2="7" tag="072"><subfield code="a">807</subfield><subfield code="2">IDS LU</subfield></datafield><datafield ind1=" " ind2="7" tag="072"><subfield code="a">822</subfield><subfield code="2">IDS LU</subfield></datafield><datafield ind1=" " ind2="7" tag="072"><subfield code="a">dr</subfield><subfield code="2">rero</subfield></datafield><datafield ind1="0" ind2="4" tag="082"><subfield code="a">333.7909494</subfield><subfield code="2">23</subfield></datafield><datafield ind1="1" ind2="4" tag="082"><subfield code="a">340</subfield><subfield code="2">15</subfield></datafield><datafield ind1=" " ind2=" " tag="084"><subfield code="a">QR 600</subfield><subfield code="2">rvk</subfield></datafield><datafield ind1=" " ind2=" " tag="084"><subfield code="a">CA/CH 50 h</subfield><subfield code="2">cjurrom</subfield></datafield><datafield ind1=" " ind2=" " tag="084"><subfield code="a">CA/CH 49 h</subfield><subfield code="2">cjurrom</subfield></datafield><datafield ind1=" " ind2=" " tag="084"><subfield code="a">CA/CH 49 g</subfield><subfield code="2">cjurrom</subfield></datafield><datafield ind1="1" ind2=" " tag="100"><subfield code="a">Schleiniger, Reto</subfield><subfield code="d">1957-</subfield><subfield code="0">(DE-588)171233476</subfield><subfield code="4">aut</subfield></datafield><datafield ind1="1" ind2="0" tag="245"><subfield code="a">&lt;&lt;Der&gt;&gt; Schweizerische Strommarkt zwischen Liberalisierung und Regulierung</subfield><subfield code="b">eine ökonomische Auslegeordnung</subfield><subfield code="c">Reto Schleiniger (Dr. oec. publ., Professor an der Zürcher Hochschule für Angewante Wissenschaften), Regina Betz (Dr. rer. publ., Professorin an der Zürcher Hochschule für Angewante Wissenschaften), Christian Winzer (Ph. D., Dozent an der Zürcher Hochschule für Angewante Wissenschaften)</subfield></datafield><datafield ind1=" " ind2="1" tag="264"><subfield code="a">Zürich</subfield><subfield code="b">Dike</subfield><subfield code="c">[2019]</subfield></datafield><datafield ind1=" " ind2="4" tag="264"><subfield code="c">© 2019</subfield></datafield><datafield ind1=" " ind2=" " tag="300"><subfield code="a">XVII, 187 Seiten</subfield><subfield code="b">Illustrationen</subfield></datafield><datafield ind1=" " ind2=" " tag="336"><subfield code="b">txt</subfield><subfield code="2">rdacontent</subfield></datafield><datafield ind1=" " ind2=" " tag="337"><subfield code="b">n</subfield><subfield code="2">rdamedia</subfield></datafield><datafield ind1=" " ind2=" " tag="338"><subfield code="b">nc</subfield><subfield code="2">rdacarrier</subfield></datafield><datafield ind1="1" ind2=" " tag="490"><subfield code="a">Schriften zum Energierecht</subfield><subfield code="v">Band 11</subfield></datafield><datafield ind1=" " ind2=" " tag="504"><subfield code="a">Literaturverz.</subfield></datafield><datafield ind1=" " ind2="7" tag="650"><subfield code="a">Energierecht</subfield><subfield code="0">(DE-588)4130688-0</subfield><subfield code="2">gnd</subfield></datafield><datafield ind1=" " ind2="7" tag="650"><subfield code="a">Elektrizitätsmarkt</subfield><subfield code="0">(DE-588)4328181-3</subfield><subfield code="2">gnd</subfield></datafield><datafield ind1=" " ind2="7" tag="650"><subfield code="a">Liberalisierung</subfield><subfield code="0">(DE-588)4120670-8</subfield><subfield code="2">gnd</subfield></datafield><datafield ind1=" " ind2="7" tag="650"><subfield code="a">Regulierung</subfield><subfield code="0">(DE-588)4201190-5</subfield><subfield code="2">gnd</subfield></datafield><datafield ind1=" " ind2="7" tag="650"><subfield code="a">Energiewirtschaftsrecht</subfield><subfield code="0">(DE-588)4152243-6</subfield><subfield code="2">gnd</subfield></datafield><datafield ind1=" " ind2="7" tag="650"><subfield code="a">Électricité</subfield><subfield code="0">(IDREF)027796272</subfield><subfield code="2">idref</subfield></datafield><datafield ind1=" " ind2="7" tag="650"><subfield code="a">Libéralisme</subfield><subfield code="0">(IDREF)027519163</subfield><subfield code="2">idref</subfield></datafield><datafield ind1=" " ind2="7" tag="650"><subfield code="a">Droit</subfield><subfield code="0">(IDREF)027466868</subfield><subfield code="2">idref</subfield></datafield><datafield ind1=" " ind2="7" tag="650"><subfield code="a">Économie politique</subfield><subfield code="0">(IDREF)027790479</subfield><subfield code="2">idref</subfield></datafield><datafield ind1=" " ind2="7" tag="650"><subfield code="a">Gouvernance</subfield><subfield code="0">(IDREF)077318625</subfield><subfield code="2">idref</subfield></datafield><datafield ind1=" " ind2="7" tag="650"><subfield code="a">Elektrizität</subfield><subfield code="9">ger</subfield><subfield code="0">(RERO)jurivoc000006734ger</subfield><subfield code="2">jurivoc</subfield></datafield><datafield ind1=" " ind2="7" tag="650"><subfield code="a">Markt(Wirtschaft)</subfield><subfield code="9">ger</subfield><subfield code="0">(RERO)jurivoc000014659ger</subfield><subfield code="2">jurivoc</subfield></datafield><datafield ind1=" " ind2="7" tag="650"><subfield code="a">Marktöffnung</subfield><subfield code="9">ger</subfield><subfield code="0">(RERO)jurivoc000014668ger</subfield><subfield code="2">jurivoc</subfield></datafield><datafield ind1=" " ind2="7" tag="650"><subfield code="a">Energieversorgung</subfield><subfield code="9">ger</subfield><subfield code="0">(RERO)jurivoc000006879ger</subfield><subfield code="2">jurivoc</subfield></datafield><datafield ind1=" " ind2="7" tag="650"><subfield code="a">Erneuerbare Energie</subfield><subfield code="9">ger</subfield><subfield code="0">(RERO)jurivoc000007336ger</subfield><subfield code="2">jurivoc</subfield></datafield><datafield ind1=" " ind2="7" tag="650"><subfield code="a">Förderung(allgemein)</subfield><subfield code="9">ger</subfield><subfield code="0">(RERO)jurivoc000008558ger</subfield><subfield code="2">jurivoc</subfield></datafield><datafield ind1=" " ind2="7" tag="650"><subfield code="a">Marchés</subfield><subfield code="0">(IDREF)027265498</subfield><subfield code="2">idref</subfield></datafield><datafield ind1=" " ind2="7" tag="650"><subfield code="a">Énergies renouvelables</subfield><subfield code="0">(IDREF)027491706</subfield><subfield code="2">idref</subfield></datafield><datafield ind1=" " ind2="7" tag="651"><subfield code="a">Schweiz</subfield><subfield code="0">(DE-588)4053881-3</subfield><subfield code="2">gnd</subfield></datafield><datafield ind1=" " ind2="7" tag="651"><subfield code="a">Suisse</subfield><subfield code="0">(IDREF)027249654</subfield><subfield code="2">idref</subfield></datafield><datafield ind1=" " ind2="7" tag="651"><subfield code="a">Schweiz</subfield><subfield code="9">ger</subfield><subfield code="0">(RERO)jurivoc000019912ger</subfield><subfield code="2">jurivoc</subfield></datafield><datafield ind1=" " ind2="7" tag="655"><subfield code="a">Aufsatzsammlung</subfield><subfield code="2">gnd-content</subfield></datafield><datafield ind1=" " ind2=" " tag="690"><subfield code="a">Marktmacht; Sicherheit; Quotenregulierung; Förderung; Zins; Versorgung; Instrument; Liberalisierung; Prämie; Stromverbrauch; Produktion; Begründung; Übertragung; Investitionsrisiko; Import; Mechanismus; Exkurs; Erlös; Meinung; Ordnung; Reserve; Handel; Verteilung; staatliche Preispolitik; Schweiz; Tabellenwerk; Alleinhandelsrecht; Ebene; Garantie; Gleichgewicht; Lenkung; Steuerung; Unsicherheit; internationaler Preiszusammenhang; Äquivalenz; Abbildung; Ertrag; Forschung; Preisentwicklung; Export; Wasserkraft; Quelle</subfield><subfield code="2">idssg-J</subfield></datafield><datafield ind1=" " ind2=" " tag="690"><subfield code="a">Versorgungssicherheit; Strommarkt; Stromproduktion; Förderinstrument; Kapazitätsmechanismus; Stromübertragung; Auslegeordnung; Kapazitätsmarkt; Lehrbuchlösung; Marktgleichgewicht; Netzebene; Nichtausschliessbarkeit; Preissteuerung; Regulierungsmöglichkeit; Einspeiseprämie; Markterlös; Preisinstrument; Regelreserve; Verfügbarkeitsoption; Zielerreichung; Dreckstromabgabe; Importzoll; Stromaußenhandel; Stromhandel; Systemdienstleistung; Bilanzgruppe; Dispatchanreiz; Endverbraucher; Investitionsbeitrag; Kapazitätsmix; Marktdiagramm; Marktmodell; Notfallmaßnahme; Preisaufschlag; Rechtsquelle; SchleiNiger; Schlussfolgerunge; Wasserzinsmodell</subfield><subfield code="2">idssg-J</subfield></datafield><datafield ind1=" " ind2=" " tag="690"><subfield code="a">aktuelle Ausgestaltung; aktuelle Versorgungssicherheit; alternatives Wasserzinsmodell; amtliche Publikation; angewandte Wissenschaft; effizienter Dispatch; erneuerbare Energie; erneuerbare Quelle; europäischer Strommarkt; externer Ertrag; externe Kosten; flexible Einspeiseprämie; fossile Quelle; gezielter Kapazitätsmechanismus; grünes Zertifikat; idealtypisches Marktmodell; internationale Stromübertragung; klassischer Importzoll; natürliches Monopol; nukleare Stromproduktion; optimale Kapazität; politische Implikation; praktizierte Lösung; preispolitisches Instrument; preisunelastische Nachfrage; schweizerischer Strommarkt; spezifischer Kapazitätsmechanismus; stilisiertes Marktdiagramm; strategische Reserve; umfassender Kapazitätsmechanismus; zukünftige Versorgungssicherheit; ökonomische Auslegeordnung; ökonomische Begründung; ökonomische Äquivalenz</subfield><subfield code="2">idssg-J</subfield></datafield><datafield ind1=" " ind2=" " tag="690"><subfield code="a">Schweiz C4EXSI; Niger C6NIGE; Kanada C1CANA</subfield><subfield code="2">idssg-J</subfield></datafield><datafield ind1=" " ind2=" " tag="690"><subfield code="a">Andrea Abegg; angewandt Wissenschaften Christian Winzer Ph; angewandt Wissenschaften Regina Betz Drrrer; Energierecht Herausgeber Prof. Dr. Andreas Abegg; Exkurs Alternative Wasserzinsmodelle; Exkurs Strategische Reserve; Exkurs Ökonomische Äquivalenz; Herausgeber Prof. Dr.; Missing Money; Prof. Dr. Johannes Reich Universität Zürich; Prof. Dr. Peter Hettich Universität St. Gallen; Prof. Dr. Sebastian Heselhaus Universität Luzern; Regina Betz Drrrer; Reto Schleiniger Dr.oec.publ. Professor</subfield><subfield code="2">idssg-J</subfield></datafield><datafield ind1=" " ind2=" " tag="691"><subfield code="e">PC 49 CH</subfield><subfield code="2">rzs-L1</subfield></datafield><datafield ind1="1" ind2=" " tag="700"><subfield code="a">Betz, Regina</subfield><subfield code="d">ca. 20./21. Jh.</subfield><subfield code="0">(DE-588)120928329</subfield><subfield code="4">aut</subfield></datafield><datafield ind1="1" ind2=" " tag="700"><subfield code="a">Winzer, Christian</subfield><subfield code="4">aut</subfield></datafield><datafield ind1=" " ind2="0" tag="830"><subfield code="a">Schriften zum Energierecht</subfield><subfield code="v">11</subfield><subfield code="w">(NEBIS)010544136EBI01</subfield></datafield><datafield ind1=" " ind2="0" tag="830"><subfield code="a">Schriften zum Energierecht</subfield><subfield code="v">11</subfield><subfield code="w">(ALEX)bv9925906604501791</subfield></datafield><datafield ind1="4" ind2=" " tag="856"><subfield code="3">Titelblatt und Inhaltsverzeichnis</subfield><subfield code="u">https://toc.library.ethz.ch/objects/pdf03/z16_978-3-03891-092-3_01.pdf</subfield><subfield code="q">pdf</subfield></datafield><datafield ind1=" " ind2=" " tag="900"><subfield code="a">Stoppsignal FRED</subfield></datafield><datafield ind1=" " ind2=" " tag="900"><subfield code="a">IDSZ1ZH</subfield></datafield><datafield ind1=" " ind2=" " tag="900"><subfield code="a">IDSE5E51ANH-2019</subfield></datafield><datafield ind1=" " ind2=" " tag="900"><subfield code="a">IDSZ2rwimon201912l</subfield><subfield code="c">IDSZ2kilch</subfield><subfield code="d">IDSZ2rwiswk202002g</subfield><subfield code="e">IDSZ2meim</subfield></datafield><datafield ind1=" " ind2=" " tag="900"><subfield code="a">IDSZ2zbzmon202001l</subfield><subfield code="c">IDSZ2kalh</subfield><subfield code="d">IDSZ2zbzswk202001g</subfield><subfield code="e">IDSZ2bruu</subfield></datafield><datafield ind1=" " ind2=" " tag="949"><subfield code="a">https://toc.library.ethz.ch/objects/pdf03/z16_978-3-03891-092-3_01.pdf</subfield></datafield></record>
</metadata></record>