<record><header><identifier>oai:alma.41SLSP_UGE:991000052219705502</identifier><datestamp>2024-04-11T00:22:12Z</datestamp><setSpec>uge_bcen_RapidILL_BOOK</setSpec><setSpec>uge_aaca_RapidILL_BOOK</setSpec><setSpec>uge_abels_RapidILL_BOOK</setSpec><setSpec>uge_dbu_RapidILL_BOOK</setSpec><setSpec>uge_cmu_RapidILL_BOOK</setSpec><setSpec>uge_mail_RapidILL_BOOK</setSpec><setSpec>uge_abbat_RapidILL_BOOK</setSpec><setSpec>UNIGE_ALL</setSpec><setSpec>uge_aobs_RapidILL_BOOK</setSpec><setSpec>uge_acar_RapidILL_BOOK</setSpec></header><metadata>
<record xmlns="http://www.loc.gov/MARC21/slim" xmlns:xsi="http://www.w3.org/2001/XMLSchema-instance" xsi:schemaLocation="http://www.loc.gov/MARC21/slim http://www.loc.gov/standards/marcxml/schema/MARC21slim.xsd"><leader>13542nam a2200901 c 4500</leader><controlfield tag="001">991000052219705502</controlfield><controlfield tag="005">20240410143541.0</controlfield><controlfield tag="008">201012s2010    gw ||||| |||| 00| ||ger d</controlfield><datafield ind1=" " ind2=" " tag="015"><subfield code="a">GFR-CIP-06,N05,0659</subfield><subfield code="a">DNB-09,A51,0649</subfield></datafield><datafield ind1="7" ind2=" " tag="016"><subfield code="a">977842339</subfield><subfield code="2">GyFmDB</subfield></datafield><datafield ind1=" " ind2=" " tag="019"><subfield code="a">Hess, Burkhard (1961-)</subfield></datafield><datafield ind1=" " ind2=" " tag="020"><subfield code="a">3811433040</subfield></datafield><datafield ind1=" " ind2=" " tag="020"><subfield code="a">9783811433045</subfield><subfield code="q">Gewebe</subfield><subfield code="c">ca. EUR 128.00</subfield></datafield><datafield ind1=" " ind2=" " tag="035"><subfield code="a">(swissbib)241848024-41slsp_network</subfield></datafield><datafield ind1=" " ind2=" " tag="035"><subfield code="a">241848024</subfield><subfield code="9">ExL</subfield></datafield><datafield ind1=" " ind2=" " tag="035"><subfield code="a">(RERO)R005365435-41slsp</subfield></datafield><datafield ind1=" " ind2=" " tag="035"><subfield code="a">(IDSLU)000725010ILU01</subfield></datafield><datafield ind1=" " ind2=" " tag="035"><subfield code="a">(IDSSG)000338984HSB01</subfield></datafield><datafield ind1=" " ind2=" " tag="035"><subfield code="a">(NEBIS)005038572EBI01</subfield></datafield><datafield ind1=" " ind2=" " tag="035"><subfield code="a">(IDSBB)005002731DSV01</subfield></datafield><datafield ind1=" " ind2=" " tag="035"><subfield code="a">(EXLNZ-41SLSP_NETWORK)991148878889705501</subfield></datafield><datafield ind1=" " ind2=" " tag="040"><subfield code="a">DDB</subfield><subfield code="d">CH-ZuSLS</subfield></datafield><datafield ind1=" " ind2="7" tag="072"><subfield code="a">dr</subfield><subfield code="2">rero</subfield></datafield><datafield ind1=" " ind2="7" tag="072"><subfield code="a">812</subfield><subfield code="2">IDS LU</subfield></datafield><datafield ind1=" " ind2="7" tag="072"><subfield code="a">rw</subfield><subfield code="2">SzZuIDS BS/BE</subfield></datafield><datafield ind1="0" ind2="4" tag="082"><subfield code="a">347.24</subfield><subfield code="2">22/ger</subfield></datafield><datafield ind1="0" ind2="4" tag="082"><subfield code="a">347.504</subfield><subfield code="2">22</subfield></datafield><datafield ind1="0" ind2="4" tag="082"><subfield code="a">347.2407</subfield></datafield><datafield ind1="1" ind2="4" tag="082"><subfield code="a">347.405</subfield><subfield code="2">22</subfield></datafield><datafield ind1="1" ind2="4" tag="082"><subfield code="a">340</subfield><subfield code="2">15</subfield></datafield><datafield ind1=" " ind2=" " tag="084"><subfield code="a">CA/CE 29 g</subfield><subfield code="2">cjurrom</subfield></datafield><datafield ind1=" " ind2=" " tag="084"><subfield code="a">FA 79 g</subfield><subfield code="2">cjurrom</subfield></datafield><datafield ind1=" " ind2=" " tag="084"><subfield code="a">PS 3840</subfield><subfield code="2">rvk</subfield></datafield><datafield ind1=" " ind2=" " tag="084"><subfield code="a">PT 340</subfield><subfield code="2">rvk</subfield></datafield><datafield ind1="1" ind2=" " tag="100"><subfield code="a">Hess, Burkhard</subfield><subfield code="d">1961-</subfield><subfield code="6">880-01</subfield><subfield code="0">(DE-588)120177374</subfield><subfield code="4">aut</subfield></datafield><datafield ind1="1" ind2=" " tag="880"><subfield code="6">100-01</subfield><subfield code="a">Hess, Burkhard</subfield><subfield code="d">1961-</subfield><subfield code="0">(RERO)A003368383</subfield><subfield code="4">cre</subfield></datafield><datafield ind1="1" ind2="0" tag="245"><subfield code="a">Europäisches Zivilprozessrecht</subfield><subfield code="b">ein Lehrbuch</subfield><subfield code="c">von Burkhard Hess</subfield></datafield><datafield ind1=" " ind2="1" tag="264"><subfield code="a">Heidelberg</subfield><subfield code="b">C. F. Müller</subfield><subfield code="c">2010</subfield></datafield><datafield ind1=" " ind2=" " tag="300"><subfield code="a">752 S.</subfield><subfield code="b">Ill.</subfield><subfield code="c">25 cm</subfield></datafield><datafield ind1=" " ind2=" " tag="336"><subfield code="b">txt</subfield><subfield code="2">rdacontent</subfield></datafield><datafield ind1=" " ind2=" " tag="337"><subfield code="b">n</subfield><subfield code="2">rdamedia</subfield></datafield><datafield ind1=" " ind2=" " tag="338"><subfield code="b">nc</subfield><subfield code="2">rdacarrier</subfield></datafield><datafield ind1="0" ind2=" " tag="490"><subfield code="a">IusCom</subfield></datafield><datafield ind1="0" ind2=" " tag="490"><subfield code="a">Ius communitatis</subfield></datafield><datafield ind1=" " ind2=" " tag="504"><subfield code="a">Includes bibliographical references, list of abbreviations and indexes</subfield></datafield><datafield ind1="2" ind2="7" tag="610"><subfield code="a">Union européenne</subfield><subfield code="0">(IDREF)032486324</subfield><subfield code="2">idref</subfield></datafield><datafield ind1="2" ind2="7" tag="610"><subfield code="a">Europäische Union</subfield><subfield code="2">idszbz</subfield></datafield><datafield ind1="2" ind2="7" tag="610"><subfield code="a">Europäische Union</subfield><subfield code="0">(DE-588)5098525-5</subfield><subfield code="2">gnd</subfield></datafield><datafield ind1=" " ind2="0" tag="650"><subfield code="a">Civil procedure</subfield><subfield code="z">European Union countries</subfield></datafield><datafield ind1=" " ind2="0" tag="650"><subfield code="a">Civil procedure (International law)</subfield></datafield><datafield ind1=" " ind2="0" tag="650"><subfield code="a">International and municipal law</subfield><subfield code="z">European Union countries</subfield></datafield><datafield ind1=" " ind2="7" tag="650"><subfield code="a">Zivilprozess</subfield><subfield code="9">ger</subfield><subfield code="0">(RERO)jurivoc000027110ger</subfield><subfield code="2">jurivoc</subfield></datafield><datafield ind1=" " ind2="7" tag="650"><subfield code="a">Gemeinschaftsrecht</subfield><subfield code="9">ger</subfield><subfield code="0">(RERO)jurivoc000009467ger</subfield><subfield code="2">jurivoc</subfield></datafield><datafield ind1=" " ind2="7" tag="650"><subfield code="a">international</subfield><subfield code="9">ger</subfield><subfield code="0">(RERO)jurivoc000011874ger</subfield><subfield code="2">jurivoc</subfield></datafield><datafield ind1=" " ind2="7" tag="650"><subfield code="a">Droit européen</subfield><subfield code="0">(IDREF)027467171</subfield><subfield code="2">idref</subfield></datafield><datafield ind1=" " ind2="7" tag="650"><subfield code="a">Procédure civile (droit international)</subfield><subfield code="0">(IDREF)027890945</subfield><subfield code="2">idref</subfield></datafield><datafield ind1=" " ind2="7" tag="650"><subfield code="a">Insolvenzrecht</subfield><subfield code="2">idszbz</subfield></datafield><datafield ind1=" " ind2="7" tag="650"><subfield code="a">Zivilprozessrecht</subfield><subfield code="2">idszbz</subfield></datafield><datafield ind1=" " ind2="7" tag="650"><subfield code="a">Zivilprozessrecht</subfield><subfield code="0">(DE-588)4117728-9</subfield><subfield code="2">gnd</subfield></datafield><datafield ind1=" " ind2="7" tag="655"><subfield code="a">Grundlagenwerk</subfield><subfield code="9">ger</subfield><subfield code="2">jurivoc</subfield><subfield code="0">(RERO)jurivoc000010408ger</subfield></datafield><datafield ind1=" " ind2="7" tag="655"><subfield code="a">Manuels d'enseignement</subfield><subfield code="0">(IDREF)027446514</subfield><subfield code="2">idref</subfield></datafield><datafield ind1=" " ind2="7" tag="655"><subfield code="a">Lehrbuch</subfield><subfield code="2">idszbz</subfield></datafield><datafield ind1=" " ind2="7" tag="655"><subfield code="a">Lehrbuch</subfield><subfield code="2">gnd-content</subfield></datafield><datafield ind1=" " ind2=" " tag="690"><subfield code="a">Beweissicherung; Erbrecht; Freizügigkeit; Insolvenzrecht; Justiz; Strafverfahren; Zivilprozessrecht; EU-Recht; Gesetzgebung; Verwaltungsrecht; Völkerrecht; Eingetragene Genossenschaft; Vorschrift; Vertrag; Rechtsschutz; Auslegung; Kompetenzkonflikt; Zusammenarbeit; Subsidiaritätsprinzip; Urteil</subfield><subfield code="2">idssg-J</subfield></datafield><datafield ind1=" " ind2=" " tag="690"><subfield code="a">Familienverfahrensrecht; Insolvenzverfahren; Kollisionsrecht; Parallelverfahren; Strafverfahrensrecht; Rechtsfortbildung; Adhäsionsverfahren; Anerkennungsverfahren; Auslegungsmethode; Beschwerdeverfahren; Beweisrecht; Beweisverordnung; Ehegüterrecht; Einheitsrecht; Eu-Unterhaltsverordnung; Fori-Grundsatz; Gemeinschaftsprozessrecht; Hauptinsolvenzverfahren; Hauptverfahren; Kindschaftsverfahren; Kompetenznorm; Leitprinzip; Rechtssetzungsmaßnahme; Scheidungsurteil; Sekundärinsolvenzverfahren; Sekundärverfahren; Sonderprozessrecht; Umgangsrecht; Unterhaltsrecht; Verhältnismäßigkeitsprinzip; Zivilverfahren; Zustellungsverordnung; Zuständigkeitsrecht; Zuständigkeitsvereinbarung; Außenkompetenz; Kindesentführung; Prozesskostenhilfe; Prozessrechtsvereinheitlichung; Rechtsetzungskompetenz; Urteilsanerkennung; Zuständigkeitsprüfung; Fragestellung; Sachzusammenhang; Titelfreizügigkeit; Beweisanordnung; Beweisaufnahme; Fallgestaltung; Forderungsanmeldung; Grundlegung; Grundrechtsschutz; Immobiliarklage; Informationsvorhaltung; Integrationsfunktion; Interventionsklage; Justizgewährung; Kindschaftsentscheidung; Kompetenzabgrenzung; Nichteinlassung; Prozessaufrechnung; Prozesshandlung; Rechtschutz; Systembildung; Unterhaltsklage; Verfahrenskoordinierung; Vertragsklage; Vollstreckbarerklärungsverfahren; Vollstreckungsschutz; Wirkungserstreckung; Annexkompetenz; Binnenmarktprozess; Direktzustellung; Drittstaatenproblematik; EG-Kompetenz; Gemeinschaftskompetenz; Konzerninsolvenz; Personenfreizügigkeit; Rechtslage; Regelungsintensität; Urteilsfreizügigkeit; Verbundbefangenheit; EG-Kommission; Güterstand; Integrationsstufe; Parallelübereinkommen; Rechtshilfeverkehr; Scheidungsprozess; Streitgenossenschaft; Unionsbürgerschaft; Unterhaltsübereinkommen; Verfahrenskonkurrenz; Vertragspartei; Abkürzungsverzeichnis; Anerkennungshindernis; Anerkennungsvoraussetzung; Anwendungsbereich</subfield><subfield code="2">idssg-J</subfield></datafield><datafield ind1=" " ind2=" " tag="690"><subfield code="a">; Aufenthaltszuständigkeit; Auslandsbezug; Binnensachverhalt; Drittstaatenbezug; Einwirkungsform; Entwicklungsperspektive; Erfüllungsort; Gemeinschaftspolitik; Gesetzgebungspraxis; Grenzüberschreitender; Grundstruktur; Grünbuch; Heimatstaat; IPR-Konferenz; Insolvenzverwalter; Justizatlas; Justizpolitik; Justizraum; Kommunikationstechnologie; Literaturverzeichnis; Mitgliedstaat; Nachbargebiet; Notzuständigkeit; Paradigmenwechsel; Prozessgericht; Prozessvergleich; Rangfrage; Rechtsakt; Rechtsetzungsinitiative; Rechtsetzungsinstrumentarium; Rechtsetzungskonzept; Rechtsetzungsperspektive; Rechtsetzungstechnik; Rechtsgebiet; Reformbedarf; Regelungsbedarf; Regelungsebene; Regelungskonzept; Regelungsstruktur; Registerstreitigkeit; Restzuständigkeit; Sachstandsbericht; Scheidungssache; Schutzrechter; Sonderkonferenz; Statussache; Strafsache; Urteilswirkung; Verbraucherstreitigkeit; Verfahrensdauer; Verfahrensfrage; Verordnungsentwurf; Vollstreckungstitel; Wirkungsweise; Zivilsache; Zuständigkeitssystem; Zwangsgeld</subfield><subfield code="2">idssg-J</subfield></datafield><datafield ind1=" " ind2=" " tag="690"><subfield code="a">andere Organisation; deutsches Mahnverfahren; europäische Kooperation; europäisches Netz; exklusive Außenkompetenz; genuines Zivilprozessrecht; weitere Organisation; abgestufte Integration; abgestufte Regelungsintensität; aktive Rechtshilfe; aktueller Entwicklungsstand; aktuelle Regelung; allgemeiner Gerichtsstand; allgemeines Literaturverzeichnis; allgemeines Regelungskonzept; allgemeine Zuständigkeit; alternative Streitbeilegung; anerkennungsfähige Entscheidung; anerkennungsfähige Urteilswirkung; arbeitsrechtliche Streitigkeit; ausgehendes Ersuchen; ausgenommenes Rechtsgebiet; auslandsbezogenes Zivilprozessrecht; ausländische Insolvenz; ausländischer Insolvenzverwalter; ausschließlicher Gerichtsstand; automatische Anerkennung; autonome Auslegung; autonomes Zivilverfahren; besondere Fallgestaltung; besonderer Gerichtsstand; besonderes Verfahren; besonderer Vollstreckungstitel; bindender Rechtsakt; brüsseler Übereinkommen; dezentraler Rechtsschutz; dezentraler Vollzug; dinglicher Gerichtsstand; eigenständiges Regelungskonzept; eingehendes Ersuchen; einstweiliger Rechtschutz; einstweiliger Rechtsschutz; einstweiliger Vollstreckungsschutz; elterliche Verantwortung; erreichter Rechtsakt; ersuchtes Gericht; ersuchter Staat; europäisches Insolvenzrecht; europäischer Arrest; europäisches Bagatellverfahren; europäisches Beweisrecht; europäisches Ehegüterrecht; europäischer Einfluss; europäisches Erbrecht; europäisches Familienverfahrensrecht; europäische Gemeinschaft; europäischer Grundrechtsschutz; europäischer Justizatlas; europäische Justizpolitik; europäischer Justizraum; europäische Kollektivklage; europäisches Kollisionsrecht; europäische Kontenpfändung; europäisches Mahnverfahren; europäisches Privatrecht; europäische Prozesskostenhilfe; europäisches Prozessrecht; europäischer Rechtschutz; europäische Rechtshilfe; europäisches Strafverfahrensrecht; europäischer Titel</subfield><subfield code="2">idssg-J</subfield></datafield><datafield ind1=" " ind2=" " tag="690"><subfield code="a">; europäisches Umfeld; europäische Union; europäische Verbraucherpolitik; europäisches Verbraucherprozessrecht; europäischer Vollstreckungstitel; europäisches Zivilprozessrecht; europäische Zustellungsverordnung; europäisches Zwangsvollstreckungsrecht; evolutive Auslegung; extraterritoriale Beweisanordnung; fortbestehender Regelungsbedarf; gegenseitige Anerkennung; gemeineuropäisches Prozessrecht; gemeinsamer Heimatstaat; gemeinschaftsrechtliche Auslegungsmethode; gemeinschaftsrechtliches Regelungskonzept; gemeinschaftsrechtliche Vorgabe; gesellschaftsrechtliche Binnenstreitigkeit; gewerblicher Schutzrechter; grammatikalische Interpretation; grenzüberschreitendes Insolvenzverfahren; grenzüberschreitende Abgabe; grenzüberschreitende Beweisaufnahme; grenzüberschreitende Beweissicherung; grenzüberschreitende Durchsetzung; grenzüberschreitende Forderungsanmeldung; grenzüberschreitende Interventionsklage; grenzüberschreitende Kindesentführung; grenzüberschreitende Kontenpfändung; grenzüberschreitende Koordinierung; grenzüberschreitende Unterlassungsklage; grenzüberschreitende Verbandsklage; grenzüberschreitende Vollstreckung; haager IPR-Konferenz; haager Konferenz; haager Programm; harmonisierter Bereich; historische Auslegung; innergemeinschaftliche Rechtshilfe; innergemeinschaftliche Streitigkeit; institutioneller Rahmen; integrationsbezogene Auslegung; internationales Insolvenzrecht; internationaler Kontext; internationales Mahnverfahren; internationales Privatrecht; internationale Rechtshilfe; internationaler Rechtshilfeverkehr; internationales Verfahrensrecht; internationales Zivilprozessrecht; internationale Zuständigkeit; juristische Person; justizielle Kooperation; justizielles Netz; justizielle Zusammenarbeit; konkurrierende Außenkompetenz; konkurrierende Gemeinschaftskompetenz; konkurrierendes Hauptverfahren; konkurrierende Verbandsklage</subfield><subfield code="2">idssg-J</subfield></datafield><datafield ind1=" " ind2=" " tag="690"><subfield code="a">; konkurrierendes Verfahren; konzeptionelle Fragestellung; letztinstanzliches Gericht; materielle Voraussetzung; moderne Kommunikationstechnologie; national Verfahrensrechten; nationales Gericht; nationales Prozessrecht; nationale Prozessrechtskultur; nationale Verfahrensvorschrift; nationales Zivilprozessrecht; natürliche Person; neuer Instanzenzug; offene Frage; passive Rechtshilfe; positiver Kompetenzkonflikt; postalische Direktzustellung; praktische Bedeutung; praktischer Hinweis; praktische Relevanz; praktische Wirksamkeit; prinzipienorientierte Auslegung; privat Law; prozessuales Grundrecht; rechtspolitische Herausforderung; rügelose Einlassung; sachliche Abgrenzung; sachlicher Anwendungsbereich; seerechtlicher Gerichtsstand; sektorielle Prozessrechtsvereinheitlichung; sekundäres Gemeinschaftsprozessrecht; sekundärrechtliche Vorgabe; sogenannte Verbundbefangenheit; soziale Sicherheit; spezielle Kompetenznorm; spezielle Richtlinie; systematische Interpretation; teleologische Interpretation; territorialer Anwendungsbereich; trustrechtliche Klage; unbestrittene Forderung; unerlaubte Handlung; unterschiedliche Integrationsstufe; unterschiedliches Modell; unvereinbare Entscheidung; vereinte Nation; verfahrensmäßige Durchführung; versicherungsrechtliche Streitigkeit; vollstreckungsrechtlicher Rechtsbehelf; vollstreckungsrechtliche Streitigkeit; völkerrechtlicher Vertrag; wechselseitige Anerkennung; wechselseitiges Vertrauen; weiteres Anerkennungshindernis; weitere Beschwerde; weiterer Gerichtsstand; weitere Perspektive; zeitliche Begrenzung; zivilgerichtliche Zusammenarbeit; öffentliche Urkunde; überlange Verfahrensdauer</subfield><subfield code="2">idssg-J</subfield></datafield><datafield ind1=" " ind2=" " tag="690"><subfield code="a">EU C4EU; Frankreich C4EUFR; Schweiz C4EXSI; Portugal C4EUPR; Finnland C4EUFI; Vereinte Nationen C00WOR; Baden-Württemberg C4EUGE; Deutschland C4EUGE</subfield><subfield code="2">idssg-J</subfield></datafield><datafield ind1=" " ind2=" " tag="690"><subfield code="a">Art. Nr. Art.; Art. Nr. EuGVO; Aussetzung Vorlage Parallelverfahren; C. F. Müller; Commission Staff Working; Dr. Burkhard Hess; EuGVO Eu BewVO; European Code of Conduct on Mediation; europäisch Integration Internationales Zivilprozessrecht; europäisch Justizielle Netz Zivilsachen; europäisch Familien- Erbrecht; europäisch Familien- Familienverfahrensrechts; europäisch Justiziellen Kooperation; europäisch Arrest Bankkonten; europäisch Straf- Strafverfahrensrecht; europäisch Verwaltungsverfahrens- Verwaltungsprozessrecht; grenzüberschreitend Verbandsklagen EuGVO; international Zivilprozessrecht Verfahrenskoordinierung; justiziell Kooperation Europäische Rechtshilfe; justiziell Kooperation Strafsachen; Law Enforcement; Lex fori concursus; Of Conduct on; Paris; wechselseitig Vertrauen Hierarchisierung; Zivilverfahren Europäischem Prozessrecht Gemeinschaftsrecht; überlang Verfahrensdauer Rechtshängigkeit</subfield><subfield code="2">idssg-J</subfield></datafield><datafield ind1=" " ind2=" " tag="691"><subfield code="e">PF 97</subfield><subfield code="2">rzs-L1</subfield></datafield><datafield ind1="4" ind2="2" tag="856"><subfield code="3">Inhaltverzeichnis</subfield><subfield code="u">http://d-nb.info/977842339/04</subfield></datafield><datafield ind1="4" ind2=" " tag="856"><subfield code="3">Titelblatt und Inhaltsverzeichnis</subfield><subfield code="u">https://toc.library.ethz.ch/objects/pdf/z16_978-3-8114-3304-5_01.pdf</subfield><subfield code="q">pdf</subfield></datafield><datafield ind1="4" ind2="2" tag="856"><subfield code="3">Inhaltstext</subfield><subfield code="u">http://deposit.dnb.de/cgi-bin/dokserv?id=2753895&amp;prov=M&amp;dok_var=1&amp;dok_ext=htm</subfield></datafield><datafield ind1=" " ind2=" " tag="900"><subfield code="a">IDSZ2zbzmon201003l</subfield><subfield code="c">IDSZ2lire</subfield><subfield code="d">IDSZ2zbzswk201003u</subfield><subfield code="e">IDSZ2bruu</subfield></datafield><datafield ind1=" " ind2=" " tag="900"><subfield code="a">IDSZ2rwimon201001e</subfield><subfield code="c">IDSZ2buche 100111</subfield><subfield code="d">IDSZ2rwiswk201001b</subfield><subfield code="e">IDSZ2rohn</subfield></datafield><datafield ind1=" " ind2=" " tag="949"><subfield code="a">https://toc.library.ethz.ch/objects/pdf/z16_978-3-8114-3304-5_01.pdf</subfield></datafield><datafield ind1=" " ind2=" " tag="949"><subfield code="a">http://deposit.dnb.de/cgi-bin/dokserv?id=2753895&amp;prov=M&amp;dok_var=1&amp;dok_ext=htm</subfield></datafield></record>
</metadata></record>