<record><header><identifier>oai:alma.41SLSP_UGE:991000002139705502</identifier><datestamp>2023-03-01T01:08:52Z</datestamp><setSpec>uge_bcen_RapidILL_BOOK</setSpec><setSpec>uge_aaca_RapidILL_BOOK</setSpec><setSpec>uge_abels_RapidILL_BOOK</setSpec><setSpec>uge_dbu_RapidILL_BOOK</setSpec><setSpec>uge_cmu_RapidILL_BOOK</setSpec><setSpec>uge_mail_RapidILL_BOOK</setSpec><setSpec>UNIGE_ALL</setSpec><setSpec>uge_abbat_RapidILL_BOOK</setSpec><setSpec>uge_aobs_RapidILL_BOOK</setSpec><setSpec>uge_acar_RapidILL_BOOK</setSpec></header><metadata>
<record xmlns="http://www.loc.gov/MARC21/slim" xmlns:xsi="http://www.w3.org/2001/XMLSchema-instance" xsi:schemaLocation="http://www.loc.gov/MARC21/slim http://www.loc.gov/standards/marcxml/schema/MARC21slim.xsd"><leader>00879nam a2200289 c 4500</leader><controlfield tag="001">991000002139705502</controlfield><controlfield tag="005">20201126051303.0</controlfield><controlfield tag="008">201008s1943    bl ||||| |||| 10| ||por d</controlfield><datafield ind1=" " ind2=" " tag="035"><subfield code="a">(swissbib)106085123-41slsp_network</subfield></datafield><datafield ind1=" " ind2=" " tag="035"><subfield code="a">106085123</subfield><subfield code="9">ExL</subfield></datafield><datafield ind1=" " ind2=" " tag="035"><subfield code="a">(RERO)R004596786-41slsp</subfield></datafield><datafield ind1=" " ind2=" " tag="035"><subfield code="a">(EXLNZ-41SLSP_NETWORK)991070758829705501</subfield></datafield><datafield ind1=" " ind2=" " tag="040"><subfield code="a">SZ-GeWHO</subfield><subfield code="d">CH-ZuSLS</subfield></datafield><datafield ind1="0" ind2=" " tag="041"><subfield code="a">eng</subfield><subfield code="a">por</subfield><subfield code="a">spa</subfield></datafield><datafield ind1=" " ind2="4" tag="060"><subfield code="a">WA 100</subfield></datafield><datafield ind1=" " ind2="7" tag="072"><subfield code="a">me</subfield><subfield code="2">rero</subfield></datafield><datafield ind1="0" ind2="0" tag="245"><subfield code="a">Atas da XI Conferência Sanitária Panamericana, Rio de Janeiro, Setembro 7-18, 1942</subfield></datafield><datafield ind1=" " ind2="1" tag="264"><subfield code="a">[Rio de Janeiro</subfield><subfield code="b">Impr. Nacional</subfield><subfield code="c">1943]</subfield></datafield><datafield ind1=" " ind2=" " tag="300"><subfield code="a">1096 p. (ill.)</subfield></datafield><datafield ind1=" " ind2=" " tag="336"><subfield code="b">txt</subfield><subfield code="2">rdacontent</subfield></datafield><datafield ind1=" " ind2=" " tag="337"><subfield code="b">n</subfield><subfield code="2">rdamedia</subfield></datafield><datafield ind1=" " ind2=" " tag="338"><subfield code="b">nc</subfield><subfield code="2">rdacarrier</subfield></datafield><datafield ind1=" " ind2="2" tag="650"><subfield code="a">Hygiene</subfield></datafield><datafield ind1=" " ind2="2" tag="650"><subfield code="a">Public Health</subfield></datafield><datafield ind1=" " ind2="2" tag="651"><subfield code="a">Brazil</subfield></datafield><datafield ind1=" " ind2="2" tag="655"><subfield code="a">Congress</subfield></datafield><datafield ind1="2" ind2=" " tag="711"><subfield code="a">Pan American Sanitary Conference</subfield><subfield code="n">11</subfield><subfield code="d">1942</subfield><subfield code="c">Rio de Janeiro</subfield><subfield code="0">(RERO)A013720500</subfield></datafield><datafield ind1=" " ind2=" " tag="900"><subfield code="a">REROnoselfmerge</subfield></datafield><datafield ind1=" " ind2=" " tag="990"><subfield code="a">donomshim</subfield><subfield code="9">LOCAL</subfield></datafield></record>
</metadata></record>