<record><header><identifier>oai:alma.41SLSP_UGE:991000003889705502</identifier><datestamp>2023-03-01T01:08:52Z</datestamp><setSpec>uge_bcen_RapidILL_BOOK</setSpec><setSpec>uge_aaca_RapidILL_BOOK</setSpec><setSpec>uge_abels_RapidILL_BOOK</setSpec><setSpec>uge_dbu_RapidILL_BOOK</setSpec><setSpec>uge_cmu_RapidILL_BOOK</setSpec><setSpec>uge_mail_RapidILL_BOOK</setSpec><setSpec>UNIGE_ALL</setSpec><setSpec>uge_abbat_RapidILL_BOOK</setSpec><setSpec>uge_acar_RapidILL_BOOK</setSpec><setSpec>uge_aobs_RapidILL_BOOK</setSpec></header><metadata>
<record xmlns="http://www.loc.gov/MARC21/slim" xmlns:xsi="http://www.w3.org/2001/XMLSchema-instance" xsi:schemaLocation="http://www.loc.gov/MARC21/slim http://www.loc.gov/standards/marcxml/schema/MARC21slim.xsd"><leader>01647nam a2200481 c 4500</leader><controlfield tag="001">991000003889705502</controlfield><controlfield tag="005">20220822215650.0</controlfield><controlfield tag="008">201011s1964    sw ||||| |||| 00| ||eng d</controlfield><datafield ind1=" " ind2=" " tag="035"><subfield code="a">(swissbib)214932346-41slsp_network</subfield></datafield><datafield ind1=" " ind2=" " tag="035"><subfield code="a">214932346</subfield><subfield code="9">ExL</subfield></datafield><datafield ind1=" " ind2=" " tag="035"><subfield code="a">(RERO)0009881-41slsp</subfield></datafield><datafield ind1=" " ind2=" " tag="035"><subfield code="a">(IDSBB)000444316DSV01</subfield></datafield><datafield ind1=" " ind2=" " tag="035"><subfield code="a">(NEBIS)003165188EBI01</subfield></datafield><datafield ind1=" " ind2=" " tag="035"><subfield code="a">(EXLNZ-41SLSP_NETWORK)991049674639705501</subfield></datafield><datafield ind1=" " ind2=" " tag="040"><subfield code="a">RERO</subfield><subfield code="d">CH-ZuSLS</subfield></datafield><datafield ind1=" " ind2="7" tag="072"><subfield code="a">ar</subfield><subfield code="2">rero</subfield></datafield><datafield ind1=" " ind2="7" tag="072"><subfield code="a">kp</subfield><subfield code="2">SzZuIDS BS/BE</subfield></datafield><datafield ind1="1" ind2=" " tag="080"><subfield code="a">904(38).02</subfield></datafield><datafield ind1="1" ind2=" " tag="080"><subfield code="a">904(388):726</subfield></datafield><datafield ind1="0" ind2="0" tag="082"><subfield code="a">913.38/7</subfield></datafield><datafield ind1="1" ind2=" " tag="100"><subfield code="a">Mylōnas, Geōrgios Emmanouēl</subfield><subfield code="0">(RERO)A000118573</subfield><subfield code="4">cre</subfield></datafield><datafield ind1="1" ind2="0" tag="245"><subfield code="a">Grave circle B of Mycenae</subfield><subfield code="c">By George E. Mylonas</subfield></datafield><datafield ind1=" " ind2="1" tag="264"><subfield code="a">Lund</subfield><subfield code="b">C. Bloms Boktryckeri</subfield><subfield code="c">1964</subfield></datafield><datafield ind1=" " ind2=" " tag="300"><subfield code="a">10 p.</subfield><subfield code="b">fig.</subfield><subfield code="c">30 cm</subfield></datafield><datafield ind1=" " ind2=" " tag="336"><subfield code="b">txt</subfield><subfield code="2">rdacontent</subfield></datafield><datafield ind1=" " ind2=" " tag="337"><subfield code="b">n</subfield><subfield code="2">rdamedia</subfield></datafield><datafield ind1=" " ind2=" " tag="338"><subfield code="b">nc</subfield><subfield code="2">rdacarrier</subfield></datafield><datafield ind1="1" ind2=" " tag="490"><subfield code="a">Studies in Mediterranean archaeology</subfield><subfield code="v">vol. 7</subfield></datafield><datafield ind1=" " ind2="7" tag="650"><subfield code="a">nécropole mycénienne</subfield><subfield code="0">(RERO)A010122690</subfield><subfield code="2">rerovoc</subfield></datafield><datafield ind1=" " ind2="4" tag="650"><subfield code="a">Ausgrabung</subfield></datafield><datafield ind1=" " ind2="0" tag="650"><subfield code="a">Tombs</subfield><subfield code="z">Greece</subfield><subfield code="z">Mycenae (Extinct city)</subfield></datafield><datafield ind1=" " ind2="7" tag="651"><subfield code="a">Mycènes (ville ancienne)</subfield><subfield code="0">(IDREF)027401219</subfield><subfield code="2">idref</subfield></datafield><datafield ind1=" " ind2="4" tag="651"><subfield code="a">Mykene</subfield></datafield><datafield ind1=" " ind2="0" tag="651"><subfield code="a">Greece</subfield><subfield code="x">Antiquities</subfield></datafield><datafield ind1=" " ind2="0" tag="651"><subfield code="a">Mycenae (Extinct city)</subfield></datafield><datafield ind1=" " ind2="0" tag="651"><subfield code="a">Mycenae</subfield><subfield code="x">Tombs</subfield></datafield><datafield ind1=" " ind2="0" tag="651"><subfield code="6">880-01</subfield><subfield code="a">Mycenae (Extinct city)</subfield></datafield><datafield ind1="1" ind2=" " tag="700"><subfield code="a">Mylōnas, Geōrgios E.</subfield><subfield code="d">1898-1988</subfield><subfield code="0">(DE-588)118885618</subfield></datafield><datafield ind1="1" ind2=" " tag="700"><subfield code="a">Mylonas, George E.</subfield></datafield><datafield ind1=" " ind2=" " tag="830"><subfield code="a">Studies in Mediterranean archaeology</subfield><subfield code="v">7</subfield><subfield code="w">(NEBIS)000988584EBI01</subfield></datafield><datafield ind1=" " ind2=" " tag="830"><subfield code="a">Studies in Mediterranean archaeology</subfield><subfield code="v">7</subfield><subfield code="w">(RERO)0001750-41slsp</subfield></datafield><datafield ind1=" " ind2=" " tag="900"><subfield code="a">REROnoselfmerge</subfield></datafield><datafield ind1=" " ind2=" " tag="900"><subfield code="a">IDSZRMedeaZBZ</subfield><subfield code="b">IDSZRSWK</subfield></datafield><datafield ind1=" " ind2=" " tag="900"><subfield code="f">IDSU2medea</subfield></datafield></record>
</metadata></record>