<record><header><identifier>oai:alma.41SLSP_UGE:991000051699705502</identifier><datestamp>2024-09-09T00:05:33Z</datestamp><setSpec>uge_cmu_RapidILL_JOURNAL</setSpec><setSpec>uge_aobs_RapidILL_JOURNAL</setSpec><setSpec>uge_aaca_RapidILL_JOURNAL</setSpec><setSpec>uge_abbat_RapidILL_JOURNAL</setSpec><setSpec>uge_bcen_RapidILL_JOURNAL</setSpec><setSpec>uge_mail_RapidILL_JOURNAL</setSpec><setSpec>uge_dbu_RapidILL_JOURNAL</setSpec><setSpec>uge_abels_RapidILL_JOURNAL</setSpec><setSpec>UNIGE_ALL</setSpec><setSpec>uge_acar_RapidILL_JOURNAL</setSpec></header><metadata>
<record xmlns="http://www.loc.gov/MARC21/slim" xmlns:xsi="http://www.w3.org/2001/XMLSchema-instance" xsi:schemaLocation="http://www.loc.gov/MARC21/slim http://www.loc.gov/standards/marcxml/schema/MARC21slim.xsd"><leader>02204nas a2200541uc 4500</leader><controlfield tag="001">991000051699705502</controlfield><controlfield tag="005">20201125201752.0</controlfield><controlfield tag="008">201012d19602006gw || p|      0   ||ger|d</controlfield><datafield ind1=" " ind2=" " tag="022"><subfield code="a">0418-9698</subfield></datafield><datafield ind1=" " ind2=" " tag="035"><subfield code="a">(swissbib)235139939-41slsp_network</subfield></datafield><datafield ind1=" " ind2=" " tag="035"><subfield code="a">235139939</subfield><subfield code="9">ExL</subfield></datafield><datafield ind1=" " ind2=" " tag="035"><subfield code="a">(NEBIS)001001857EBI01</subfield></datafield><datafield ind1=" " ind2=" " tag="035"><subfield code="a">(IDSBB)000105773DSV01</subfield></datafield><datafield ind1=" " ind2=" " tag="035"><subfield code="a">(RERO)0938452-41slsp</subfield></datafield><datafield ind1=" " ind2=" " tag="035"><subfield code="a">(EXLNZ-41SLSP_NETWORK)991104544509705501</subfield></datafield><datafield ind1=" " ind2=" " tag="040"><subfield code="a">ZBZ</subfield><subfield code="b">ger</subfield><subfield code="e">ETHICS-ISBD</subfield><subfield code="d">CH-ZuSLS</subfield></datafield><datafield ind1=" " ind2="7" tag="072"><subfield code="a">ar</subfield><subfield code="2">SzZuIDS BS/BE</subfield></datafield><datafield ind1=" " ind2="7" tag="072"><subfield code="a">ha</subfield><subfield code="2">rero</subfield></datafield><datafield ind1="1" ind2=" " tag="080"><subfield code="a">(05):22BAGHM</subfield></datafield><datafield ind1="1" ind2="4" tag="082"><subfield code="a">930</subfield><subfield code="2">15</subfield></datafield><datafield ind1="0" ind2="0" tag="245"><subfield code="a">Baghdader Mitteilungen</subfield><subfield code="c">Deutsches Archäologisches Institut, Orient-Abteilung</subfield></datafield><datafield ind1=" " ind2="1" tag="264"><subfield code="a">Mainz am Rhein</subfield><subfield code="b">Zabern</subfield></datafield><datafield ind1=" " ind2=" " tag="300"><subfield code="b">Ill.</subfield><subfield code="c">28, 26 cm</subfield></datafield><datafield ind1=" " ind2=" " tag="310"><subfield code="a">Ca. jährlich</subfield></datafield><datafield ind1=" " ind2=" " tag="336"><subfield code="b">txt</subfield><subfield code="2">rdacontent</subfield></datafield><datafield ind1=" " ind2=" " tag="337"><subfield code="b">n</subfield><subfield code="2">rdamedia</subfield></datafield><datafield ind1=" " ind2=" " tag="338"><subfield code="b">nc</subfield><subfield code="2">rdacarrier</subfield></datafield><datafield ind1="0" ind2=" " tag="362"><subfield code="a">Bd. 1(1960)-Bd. 37(2006)</subfield></datafield><datafield ind1=" " ind2=" " tag="500"><subfield code="a">Früherer Name des Hrsg.: Deutsches Archäologisches Institut, Abteilung Baghdad</subfield></datafield><datafield ind1=" " ind2=" " tag="500"><subfield code="a">Früheres Impressum: Berlin : Mann</subfield></datafield><datafield ind1=" " ind2=" " tag="500"><subfield code="a">Urheber bis 26(1995): Deutsches Archäologisches Institut, Abteilung Baghdad</subfield></datafield><datafield ind1=" " ind2=" " tag="500"><subfield code="a">Verlag früher: Berlin : Mann</subfield></datafield><datafield ind1=" " ind2=" " tag="580"><subfield code="a">A pour suppl.: Baghdader Mitteilungen. Beiheft</subfield></datafield><datafield ind1=" " ind2="7" tag="648"><subfield code="a">Geschichte</subfield><subfield code="2">gnd</subfield></datafield><datafield ind1=" " ind2="7" tag="650"><subfield code="a">Archäologie</subfield><subfield code="2">idszbz</subfield></datafield><datafield ind1=" " ind2="7" tag="650"><subfield code="a">Archäologie</subfield><subfield code="z">Orient</subfield><subfield code="v">Zeitschrift</subfield><subfield code="2">idsbb</subfield></datafield><datafield ind1=" " ind2="7" tag="651"><subfield code="a">Irak</subfield><subfield code="2">idszbz</subfield></datafield><datafield ind1=" " ind2="7" tag="651"><subfield code="a">Mesopotamien</subfield><subfield code="0">(DE-588)4038788-4</subfield><subfield code="2">gnd</subfield></datafield><datafield ind1=" " ind2="7" tag="655"><subfield code="a">Zeitschrift</subfield><subfield code="2">idszbz</subfield></datafield><datafield ind1=" " ind2="7" tag="655"><subfield code="a">Zeitschrift</subfield><subfield code="2">gnd-content</subfield></datafield><datafield ind1="2" ind2=" " tag="710"><subfield code="a">Deutsches archäologisches Institut</subfield><subfield code="b">Abteilung</subfield><subfield code="g">Baghdad</subfield><subfield code="0">(IDREF)029899958</subfield></datafield><datafield ind1="2" ind2=" " tag="710"><subfield code="a">Deutsches Archäologisches Institut</subfield><subfield code="b">Abteilung Baghdad</subfield><subfield code="0">(DE-588)2008801-2</subfield><subfield code="6">880-02</subfield></datafield><datafield ind1="2" ind2=" " tag="880"><subfield code="a">Deutsches Archäologisches Institut</subfield><subfield code="b">Abteilung Baghdad</subfield><subfield code="0">(DE-588)2008801-2</subfield><subfield code="6">710-02</subfield></datafield><datafield ind1="2" ind2=" " tag="880"><subfield code="a">Deutsches Archäologisches Institut</subfield><subfield code="b">Abteilung Baghdad</subfield><subfield code="0">(DE-588)2008801-2</subfield><subfield code="6">710-02</subfield></datafield><datafield ind1="2" ind2=" " tag="710"><subfield code="a">Deutsches Archäologisches Institut</subfield><subfield code="b">Orient-Abteilung</subfield><subfield code="0">(DE-588)5183530-7</subfield></datafield><datafield ind1="0" ind2="0" tag="785"><subfield code="t">Zeitschrift für Orient-Archäologie</subfield><subfield code="w">(swissbib)235249335-41slsp_network</subfield></datafield><datafield ind1="0" ind2=" " tag="770"><subfield code="t">Baghdader Mitteilungen. Beiheft</subfield><subfield code="w">(RERO)0938480-41slsp</subfield></datafield><datafield ind1=" " ind2=" " tag="900"><subfield code="a">NEBISnoselfmerge</subfield></datafield><datafield ind1=" " ind2=" " tag="900"><subfield code="a">REROnoselfmerge</subfield></datafield></record>
</metadata></record>