<record><header><identifier>oai:alma.41SLSP_UGE:991000051909705502</identifier><datestamp>2023-03-01T01:08:52Z</datestamp><setSpec>uge_bcen_RapidILL_BOOK</setSpec><setSpec>uge_aaca_RapidILL_BOOK</setSpec><setSpec>uge_abels_RapidILL_BOOK</setSpec><setSpec>uge_dbu_RapidILL_BOOK</setSpec><setSpec>uge_cmu_RapidILL_BOOK</setSpec><setSpec>uge_mail_RapidILL_BOOK</setSpec><setSpec>UNIGE_ALL</setSpec><setSpec>uge_abbat_RapidILL_BOOK</setSpec><setSpec>uge_aobs_RapidILL_BOOK</setSpec><setSpec>uge_acar_RapidILL_BOOK</setSpec></header><metadata>
<record xmlns="http://www.loc.gov/MARC21/slim" xmlns:xsi="http://www.w3.org/2001/XMLSchema-instance" xsi:schemaLocation="http://www.loc.gov/MARC21/slim http://www.loc.gov/standards/marcxml/schema/MARC21slim.xsd"><leader>01628nam a2200469 c 4500</leader><controlfield tag="001">991000051909705502</controlfield><controlfield tag="005">20210207202256.0</controlfield><controlfield tag="008">201011s1970    gw ||||| |||| 00| ||eng d</controlfield><datafield ind1=" " ind2=" " tag="035"><subfield code="a">(swissbib)232326924-41slsp_network</subfield></datafield><datafield ind1=" " ind2=" " tag="035"><subfield code="a">232326924</subfield><subfield code="9">ExL</subfield></datafield><datafield ind1=" " ind2=" " tag="035"><subfield code="a">(RERO)0417682-41slsp</subfield></datafield><datafield ind1=" " ind2=" " tag="035"><subfield code="a">(NEBIS)003094152EBI01</subfield></datafield><datafield ind1=" " ind2=" " tag="035"><subfield code="a">(IDSBB)000241758DSV01</subfield></datafield><datafield ind1=" " ind2=" " tag="035"><subfield code="a">(EXLNZ-41SLSP_NETWORK)991029978109705501</subfield></datafield><datafield ind1=" " ind2=" " tag="040"><subfield code="a">RERO</subfield><subfield code="d">CH-ZuSLS</subfield></datafield><datafield ind1="1" ind2=" " tag="041"><subfield code="a">eng</subfield><subfield code="h">fre</subfield></datafield><datafield ind1=" " ind2="7" tag="072"><subfield code="a">me</subfield><subfield code="2">rero</subfield></datafield><datafield ind1=" " ind2="7" tag="072"><subfield code="a">me</subfield><subfield code="2">SzZuIDS BS/BE</subfield></datafield><datafield ind1="0" ind2="0" tag="082"><subfield code="a">616.9/94/49</subfield></datafield><datafield ind1="0" ind2="4" tag="082"><subfield code="a">610</subfield><subfield code="2">23</subfield></datafield><datafield ind1="1" ind2="4" tag="082"><subfield code="a">610</subfield><subfield code="2">15</subfield></datafield><datafield ind1="1" ind2=" " tag="100"><subfield code="a">Denoix, Pierre</subfield><subfield code="d">1912-1990</subfield><subfield code="0">(IDREF)026824671</subfield><subfield code="4">cre</subfield></datafield><datafield ind1="1" ind2="0" tag="245"><subfield code="a">Treatment of malignant breast tumors</subfield><subfield code="b">indications and results : a study based on 1174 cases treated at the Institut Gustave-Roussy between 1954 and 1962</subfield><subfield code="c">Pierre Denoix ; transl. into English by Barbara Crook</subfield></datafield><datafield ind1=" " ind2="1" tag="264"><subfield code="a">Berlin</subfield><subfield code="a">Heidelberg [etc.]</subfield><subfield code="b">Springer-Verlag</subfield><subfield code="c">1970</subfield></datafield><datafield ind1=" " ind2=" " tag="300"><subfield code="a">X, 92 p.</subfield><subfield code="b">ill.</subfield><subfield code="c">25 cm</subfield></datafield><datafield ind1=" " ind2=" " tag="336"><subfield code="b">txt</subfield><subfield code="2">rdacontent</subfield></datafield><datafield ind1=" " ind2=" " tag="337"><subfield code="b">n</subfield><subfield code="2">rdamedia</subfield></datafield><datafield ind1=" " ind2=" " tag="338"><subfield code="b">nc</subfield><subfield code="2">rdacarrier</subfield></datafield><datafield ind1="1" ind2=" " tag="490"><subfield code="a">Recent results in cancer research</subfield><subfield code="v">31</subfield></datafield><datafield ind1=" " ind2="2" tag="650"><subfield code="a">Breast Neoplasms</subfield><subfield code="x">therapy</subfield></datafield><datafield ind1=" " ind2="2" tag="650"><subfield code="a">Breast Neoplasms</subfield><subfield code="x">therapy</subfield><subfield code="0">(DNLM)D001943Q000628</subfield></datafield><datafield ind1=" " ind2="7" tag="650"><subfield code="a">Brusttumor</subfield><subfield code="0">(DE-588)4284686-9</subfield><subfield code="2">gnd</subfield></datafield><datafield ind1=" " ind2="7" tag="650"><subfield code="a">Therapie</subfield><subfield code="0">(DE-588)4059798-2</subfield><subfield code="2">gnd</subfield></datafield><datafield ind1=" " ind2="0" tag="650"><subfield code="a">Breast</subfield></datafield><datafield ind1=" " ind2="0" tag="650"><subfield code="a">Breast</subfield><subfield code="x">Cancer</subfield><subfield code="x">Treatment</subfield></datafield><datafield ind1=" " ind2="0" tag="650"><subfield code="a">Medicine</subfield></datafield><datafield ind1=" " ind2="7" tag="650"><subfield code="a">Brustkrebs</subfield><subfield code="x">Therapie</subfield><subfield code="2">idsbb</subfield></datafield><datafield ind1=" " ind2="4" tag="650"><subfield code="a">Brusttumor</subfield></datafield><datafield ind1=" " ind2="4" tag="650"><subfield code="a">Therapie</subfield></datafield><datafield ind1=" " ind2=" " tag="690"><subfield code="a">Brustkrebs</subfield><subfield code="2">uzb-Z9</subfield></datafield><datafield ind1=" " ind2="0" tag="830"><subfield code="a">Recent results in cancer research</subfield><subfield code="v">31</subfield><subfield code="w">(NEBIS)000023332EBI01</subfield></datafield><datafield ind1=" " ind2=" " tag="900"><subfield code="a">REROnoselfmerge</subfield></datafield><datafield ind1=" " ind2=" " tag="900"><subfield code="a">IDSZRMedeaZBZ</subfield></datafield></record>
</metadata></record>