<record><header><identifier>oai:alma.41SLSP_UGE:991000003909705502</identifier><datestamp>2024-04-05T00:24:28Z</datestamp><setSpec>uge_bcen_RapidILL_BOOK</setSpec><setSpec>uge_aaca_RapidILL_BOOK</setSpec><setSpec>uge_abels_RapidILL_BOOK</setSpec><setSpec>uge_dbu_RapidILL_BOOK</setSpec><setSpec>uge_cmu_RapidILL_BOOK</setSpec><setSpec>uge_mail_RapidILL_BOOK</setSpec><setSpec>uge_abbat_RapidILL_BOOK</setSpec><setSpec>UNIGE_ALL</setSpec><setSpec>uge_aobs_RapidILL_BOOK</setSpec><setSpec>uge_acar_RapidILL_BOOK</setSpec></header><metadata>
<record xmlns="http://www.loc.gov/MARC21/slim" xmlns:xsi="http://www.w3.org/2001/XMLSchema-instance" xsi:schemaLocation="http://www.loc.gov/MARC21/slim http://www.loc.gov/standards/marcxml/schema/MARC21slim.xsd"><leader>09054nam a2200673 c 4500</leader><controlfield tag="001">991000003909705502</controlfield><controlfield tag="005">20240404152901.0</controlfield><controlfield tag="008">201011s2013    ne ||||| |||| 00| ||eng d</controlfield><datafield ind1=" " ind2=" " tag="010"><subfield code="a">2013417262</subfield></datafield><datafield ind1=" " ind2=" " tag="020"><subfield code="a">9789041136527</subfield><subfield code="c">hardbd.</subfield></datafield><datafield ind1=" " ind2=" " tag="020"><subfield code="a">9041136525</subfield></datafield><datafield ind1=" " ind2=" " tag="035"><subfield code="a">(swissbib)231434944-41slsp_network</subfield></datafield><datafield ind1=" " ind2=" " tag="035"><subfield code="a">231434944</subfield><subfield code="9">ExL</subfield></datafield><datafield ind1=" " ind2=" " tag="035"><subfield code="a">(RERO)R008214905-41slsp</subfield></datafield><datafield ind1=" " ind2=" " tag="035"><subfield code="a">(NEBIS)010033057EBI01</subfield></datafield><datafield ind1=" " ind2=" " tag="035"><subfield code="a">(IDSSG)000644215HSB01</subfield></datafield><datafield ind1=" " ind2=" " tag="035"><subfield code="a">(OCoLC)862930207</subfield></datafield><datafield ind1=" " ind2=" " tag="035"><subfield code="a">(EXLNZ-41SLSP_NETWORK)991007385729705501</subfield></datafield><datafield ind1=" " ind2=" " tag="040"><subfield code="a">RERO geubfd</subfield><subfield code="d">CH-ZuSLS</subfield></datafield><datafield ind1=" " ind2=" " tag="050"><subfield code="a">K4487.E43</subfield><subfield code="b">C63 2013</subfield></datafield><datafield ind1=" " ind2="7" tag="072"><subfield code="a">dr</subfield><subfield code="2">rero</subfield></datafield><datafield ind1="7" ind2="4" tag="082"><subfield code="a">340</subfield><subfield code="2">23sdnb</subfield></datafield><datafield ind1=" " ind2=" " tag="084"><subfield code="a">A 54 g</subfield><subfield code="2">cjurrom</subfield></datafield><datafield ind1=" " ind2=" " tag="084"><subfield code="a">CB/USA 54 g</subfield><subfield code="2">cjurrom</subfield></datafield><datafield ind1=" " ind2=" " tag="084"><subfield code="a">A 30.3 g</subfield><subfield code="2">cjurrom</subfield></datafield><datafield ind1=" " ind2=" " tag="084"><subfield code="a">CB/USA 30.3 g</subfield><subfield code="2">cjurrom</subfield></datafield><datafield ind1=" " ind2=" " tag="084"><subfield code="a">A 52.3 g</subfield><subfield code="2">cjurrom</subfield></datafield><datafield ind1=" " ind2=" " tag="084"><subfield code="a">A 78.1 g</subfield><subfield code="2">cjurrom</subfield></datafield><datafield ind1=" " ind2=" " tag="084"><subfield code="a">CB/USA 78.1 g</subfield><subfield code="2">cjurrom</subfield></datafield><datafield ind1="0" ind2="0" tag="245"><subfield code="a">Taxing global digital commerce</subfield><subfield code="c">Arthur J. Cockfield ... [et al.]</subfield></datafield><datafield ind1=" " ind2="1" tag="264"><subfield code="a">Alphen aan den Rijn</subfield><subfield code="b">Kluwer Law International</subfield><subfield code="c">2013</subfield></datafield><datafield ind1=" " ind2=" " tag="300"><subfield code="a">xx, 529 pages</subfield></datafield><datafield ind1=" " ind2=" " tag="336"><subfield code="b">txt</subfield><subfield code="2">rdacontent</subfield></datafield><datafield ind1=" " ind2=" " tag="337"><subfield code="b">n</subfield><subfield code="2">rdamedia</subfield></datafield><datafield ind1=" " ind2=" " tag="338"><subfield code="b">nc</subfield><subfield code="2">rdacarrier</subfield></datafield><datafield ind1=" " ind2=" " tag="504"><subfield code="a">Includes bibliographical references and index</subfield></datafield><datafield ind1=" " ind2="7" tag="650"><subfield code="a">Impôt</subfield><subfield code="0">(IDREF)027261956</subfield><subfield code="2">idref</subfield></datafield><datafield ind1=" " ind2="7" tag="650"><subfield code="a">Commerce électronique</subfield><subfield code="0">(IDREF)034578390</subfield><subfield code="2">idref</subfield></datafield><datafield ind1=" " ind2="7" tag="650"><subfield code="a">Taxes internationales</subfield><subfield code="0">(IDREF)080850952</subfield><subfield code="2">idref</subfield></datafield><datafield ind1=" " ind2="7" tag="650"><subfield code="a">Droit fiscal (droit international)</subfield><subfield code="0">(IDREF)027741583</subfield><subfield code="2">idref</subfield></datafield><datafield ind1=" " ind2="7" tag="650"><subfield code="a">Ressources Internet</subfield><subfield code="0">(IDREF)048654515</subfield><subfield code="2">idref</subfield></datafield><datafield ind1=" " ind2="7" tag="650"><subfield code="a">Droit des technologies de l'information et de la communication</subfield><subfield code="0">(IDREF)167934619</subfield><subfield code="2">idref</subfield></datafield><datafield ind1=" " ind2="0" tag="650"><subfield code="a">Electronic commerce</subfield><subfield code="x">Taxation</subfield><subfield code="x">Law and legislation</subfield></datafield><datafield ind1=" " ind2="7" tag="650"><subfield code="a">Electronic Commerce</subfield><subfield code="0">(DE-588)4592128-3</subfield><subfield code="2">gnd</subfield></datafield><datafield ind1=" " ind2="7" tag="650"><subfield code="a">Internationales Steuerrecht</subfield><subfield code="0">(DE-588)4027451-2</subfield><subfield code="2">gnd</subfield></datafield><datafield ind1=" " ind2="7" tag="650"><subfield code="a">Einkommensteuerrecht</subfield><subfield code="0">(DE-588)4070699-0</subfield><subfield code="2">gnd</subfield></datafield><datafield ind1=" " ind2="7" tag="650"><subfield code="a">Rechtsvergleich</subfield><subfield code="0">(DE-588)4115712-6</subfield><subfield code="2">gnd</subfield></datafield><datafield ind1=" " ind2="7" tag="651"><subfield code="a">États-Unis</subfield><subfield code="0">(IDREF)027225488</subfield><subfield code="2">idref</subfield></datafield><datafield ind1=" " ind2="7" tag="651"><subfield code="a">USA</subfield><subfield code="0">(DE-588)4078704-7</subfield><subfield code="2">gnd</subfield></datafield><datafield ind1=" " ind2=" " tag="690"><subfield code="a">Doppelbesteuerung; Einkommensteuer; Steuererleichterungen; Service; Umsatzsteuer; Regel; Lieferung; Bestimmungslandprinzip; Verkauf; Rechtsstaat; Gesetz; Computing; Konsum; Nutzung; Abkommen; Commerce; Internet; Geschäftsprozess; Quellensteuer; Ware; Gehalt (Lohn); Kapitalertrag; Datenschutz; Systemtheorie; Software; Router; Law; Diskurs; Lizenzgebühr; Analyse; Bewertung; Klassifizieren; Reform; Regierung; Untersuchung; Versorgung; Vertragsrecht; Angebot; Evolution; Kommentar; Abonnement; EU; Einkauf; Formel; Messtechnik; States; technischer Fortschritt; Elektronischer Datenaustausch</subfield><subfield code="2">idssg-J</subfield></datafield><datafield ind1=" " ind2=" " tag="690"><subfield code="a">Sonderregel; Steuergesetz; Steuerregeln; Warenlieferung; Attributionstheorie; Bundesverfassungsbeschränkung; Direktzahlung; Fernabsatzregel; Fremdvergleichsprinzip; Grenzüberschreitlizenzgebühr; Grenzüberschreitnehmensgewinn; Hausrecht; Internetverkauf; Mehrstufentransaktionssteuer; Mehrwertsteuerregel; Nichtdiskriminierung; Onlineverkauf; Rechtsvertrag; Schwellenverbrauchssteuer; Selbsteinschätzung; Steuerabkommen; Steuerhoheit; Taxanwendung; Verbrauchssteuerrichtlinie; Verkaufssteuer; Zuständigkeitsregel; Softwareinfrastruktur; Steuerverbrauch; Taxframework; Anwendungsbereich; Designmerkmal; Dualresidenz; Enterprise; Hardwareinfrastruktur; Leitsatz; PostOttawaagenda; Quellenstaat; Registrierungsoption; Sachanlage; Technologieverbreitung; Umlagebemessungsgrundlage; Verbrauchssteuerframework; Verlustrechnung; Ausgangspunkt; Auslandsgesellschaft; Bedarfsund; Bemessungsgrund; Businesskauf; Computersoftware; Diskriminierende; Gesamtstruktur; Geschäftseingang; Informationsaustausch; Internation; Internetzugang; Konsultationsdokument; Konsultationspapier; Kreditvorschrift; Lieferumfang; Mitgliedstaat; Politikansatz; Quellesourcekonflikt; Residenzsourcekonflikt; Serverarchitektur; Servicepaket; Sicherheitsproblem; Steuerergebnis; Steuerpflicht; Technologietag; Telekommunikationsunternehmen; Umsatzsteuersystem; Verbrauchsmaterial; Verbrauchssteuersystem; Vertragspartei; Vertriebszentrum; Verwaltungseffizienz; Wohnsitz; Zielpunkt; Überseemarkt</subfield><subfield code="2">idssg-J</subfield></datafield><datafield ind1=" " ind2=" " tag="690"><subfield code="a">globaler Handel; staatliches Umsatzsteuersystem; abschließende Bemerkung; adaptive Effizienz; administrative Vereinfachung; aktuelles Steuerregeln; allgemeine Natur; allgemeines Prinzip; allgemeine Regel; andere Art; anderer Komplex; anderes Kriterium; anderer Leitsatz; andere Terminologie; australischer Ort; besondere Bestimmung; bewegliche Sache; digital Supplies; digitales Gut; digitaler Handel; effektive Institution; eingehende Ware; einheitliche Klassifizierung; elektronischer Geschäftsverkehr; empfohlener Ort; empirische Forschung; entsprechende Steuer; erbrachte Dienstleistung; erbrachte Leistung; erhöhtes Vertrauen; erstes Konsultationsdokument; europäische Union; global Commerce; grenzübergreifend Commerce; grenzübergreifender Diskurs; grenzüberschreitend Commerce; grenzüberschreitende Einkommensteuer; grenzüberschreitender Informationsaustausch; grenzüberschreitende Mehrwertsteuerregel; historischer Hintergrund; historische Vielfalt; hypothetisches Problem; immaterielle Dienstleistung; immaterieller Wert; importierte Dienstleistung; importierte Leistung; indirekte Steuer; inhaltlicher Gerichtsstand; inkonsistente Ansicht; innergemeinschaftlicher Erwerb; innergemeinschaftliche Lieferung; institutioneller Prozess; internationale Ertragsteuer; internationale Transaktion; internationaler Umsatz; internationale Verbrauchssteuer; internationales Verbrauchssteuerframework; internationaler Wat; internationale Zusammenarbeit; kommunale Umsatzsteuer; kommunales Umsatzsteuersystem; komplementäre Nutzung; konsequente Regel; kurzer Hinweis; körperliche Präsenz; lokales Sale; lokale Verkaufssteuer; neues Konzept; neue Technologie; neuseeländisch GST; optimiert Vertriebsund; persönliches Eigentum; persönlicher Verkauf; physische Lieferung; relevantes Faktum; residenzbasierte Besteuerung; runder Tisch; sachliche Zuständigkeit; schlankes Sale; schädlicher Steuerwettbewerb; s</subfield><subfield code="2">idssg-J</subfield></datafield><datafield ind1=" " ind2=" " tag="690"><subfield code="a">taatliche Anleitung; staatlicher Verkauf; steuerbarer Service; steuerbarer Umsatz; steuerliche Auswirkung; steuerliche Behandlung; steuerpflichtiges Benutzen; steuerpflichtige Lieferung; steuerpflichtiger Verkauf; steuerrechtliche Vorschrift; technischer Aspekt; technologisch Commerce; technologischer Wandel; traditionelle Betriebsstätte; traditionelle Institution; traditionelle Residenz; traditioneller Vertrag; traditioneller Wert; unabhängige Dienstleistung; uneinheitliche Attribution; verbesserte Quelle; vereinigter Staat; verwandtes Unternehmen; vorläufige Vorsichtsmaßnahme; vorstehende Analyse; weitere Lieferung; wertschöpfende Tätigkeit; zweites Konsultationsdokument</subfield><subfield code="2">idssg-J</subfield></datafield><datafield ind1=" " ind2=" " tag="690"><subfield code="a">Australien C8AUST; Marokko C6MORO; Kanada C1CANA; Neuseeland C8NEWZ; Vereinigte Staaten C1USA; EU C4EU; Texas C1USA; Finnland C4EUFI</subfield><subfield code="2">idssg-J</subfield></datafield><datafield ind1=" " ind2=" " tag="690"><subfield code="a">ander Komplexe Probleme Komplexe; Anhang Wählen Regierung; Auswertung Steuerund Change Technologie; Basic Design Merkmale; Büromöbel Handels Hypothetische; Case Study; Cloud Computing Beziehen; Cloud Computing Kontext; Cloud Computing World Wide Web; Commerce Arthur Cockfield Walter Hellerstein Rebecca Millar Christophe Waerzeggers; Commerce Hypothetische Probleme; Controlled Foreign Corporations; Corp Corp; Corp Habe Verfassungsstaat Nexus; Corp Itself Lacks Körperliche Präsenz; Cross Border Commerce Steuergesetze; Design MwSt. Zuständigkeitsregeln; digital Güter Dienste; Dritt Party ISPs; Drop Shipments RundStolpern Rechte; Erfordern Outof StateAnbieter; Erhaltung Steuerzahler Datenschutz; Foreign Investment Funds; Freedom Act; GSTFree Supplies; Guiding Principles of; Herkunft Kontrast Prinzip; High Layer Protokolle; historisch Hintergrund Besteuerung; Ii Steuersatz Vereinfachung; Iii Cloud; Iii Neues Konzept; Iii Place of; Iii Place of Taxationor SourcingRules; inhaltlich Gerichtsstand Gerichtsstand; Inkompetenz Staaten Steuerinterstate Vertrieb; international Umsatz Diskurs; Internet Access Provider; Internet Access Provider Server; Iv Administrative Vereinfachungen; Iv Cloud; Kanada Vertrag Gesetz; Land Teil Auswerten Steuerrecht; Low LayerProtokolle Router Client; Markt Lösen Steuer Herausforderungen; Millar Christophe Waerzeggers; MwSt. Sammlung Mechanismus; New Lieferumfang Neuseeland; New Zealand Goods; Nutzung Traditionelle Institutionen; OECDCommerce Berichte Steuerpolitik; Ottawa Besteuerung Rahmen Bedingungen; Outbound Supplies; Physical Presence; Prepaid Telekommunikations Supplies</subfield><subfield code="2">idssg-J</subfield></datafield><datafield ind1="1" ind2=" " tag="700"><subfield code="a">Cockfield, Arthur</subfield></datafield><datafield ind1="1" ind2=" " tag="700"><subfield code="a">Cockfield, Arthur J.</subfield><subfield code="0">(IDREF)102221197</subfield></datafield><datafield ind1="4" ind2=" " tag="856"><subfield code="3">Titelblatt und Inhaltsverzeichnis</subfield><subfield code="u">https://toc.library.ethz.ch/objects/pdf03/z01_978-90-411-3652-7_01.pdf</subfield><subfield code="q">pdf</subfield></datafield><datafield ind1=" " ind2=" " tag="900"><subfield code="a">IDSZ2zbzmon201402f</subfield><subfield code="c">IDSZ2tres</subfield><subfield code="d">IDSZ2zbzswk201403b</subfield><subfield code="e">IDSZ2bruu</subfield></datafield><datafield ind1=" " ind2=" " tag="949"><subfield code="a">https://toc.library.ethz.ch/objects/pdf03/z01_978-90-411-3652-7_01.pdf</subfield></datafield></record>
</metadata></record>