<record><header><identifier>oai:alma.41SLSP_UGE:991000051589705502</identifier><datestamp>2023-06-26T00:15:55Z</datestamp><setSpec>UNIGE_ALL</setSpec></header><metadata>
<record xmlns="http://www.loc.gov/MARC21/slim" xmlns:xsi="http://www.w3.org/2001/XMLSchema-instance" xsi:schemaLocation="http://www.loc.gov/MARC21/slim http://www.loc.gov/standards/marcxml/schema/MARC21slim.xsd"><leader>02268ngm a2200445 c 4500</leader><controlfield tag="001">991000051589705502</controlfield><controlfield tag="005">20230625173134.0</controlfield><controlfield tag="007">vd |v||||</controlfield><controlfield tag="008">050304s2005    fr ||| |          v|srp d</controlfield><datafield ind1="5" ind2="2" tag="028"><subfield code="a">302 212-2</subfield></datafield><datafield ind1=" " ind2=" " tag="035"><subfield code="a">(swissbib)101654820-41slsp_network</subfield></datafield><datafield ind1=" " ind2=" " tag="035"><subfield code="a">101654820</subfield><subfield code="9">ExL</subfield></datafield><datafield ind1=" " ind2=" " tag="035"><subfield code="a">(RERO)R003801446-41slsp</subfield></datafield><datafield ind1=" " ind2=" " tag="035"><subfield code="a">(EXLNZ-41SLSP_NETWORK)991098734669705501</subfield></datafield><datafield ind1=" " ind2=" " tag="040"><subfield code="a">RERO labcud</subfield><subfield code="d">CH-ZuSLS</subfield></datafield><datafield ind1="1" ind2=" " tag="041"><subfield code="a">srp</subfield><subfield code="a">fre</subfield><subfield code="h">srp</subfield></datafield><datafield ind1=" " ind2="7" tag="072"><subfield code="a">ba</subfield><subfield code="2">rero</subfield></datafield><datafield ind1="0" ind2="0" tag="245"><subfield code="a">&lt;&lt;La&gt;&gt; vie est un miracle</subfield><subfield code="c">un film de Emir Kusturica ; scénario de Ranko Bosic et Emir Kusturica ; musique originale Dejan Sparavalo et Emir Kusturica ; prod. par Alain Sarde</subfield></datafield><datafield ind1="1" ind2=" " tag="246"><subfield code="a">Kad je zivot bio cudo</subfield></datafield><datafield ind1=" " ind2="1" tag="264"><subfield code="a">[Issy-les-Moulineaux]</subfield><subfield code="b">StudioCanal</subfield><subfield code="c">2005</subfield></datafield><datafield ind1=" " ind2=" " tag="300"><subfield code="a">2 DVD vidéo en 1 coffret</subfield></datafield><datafield ind1=" " ind2=" " tag="336"><subfield code="b">tdi</subfield><subfield code="2">rdacontent</subfield></datafield><datafield ind1=" " ind2=" " tag="337"><subfield code="b">v</subfield><subfield code="2">rdamedia</subfield></datafield><datafield ind1=" " ind2=" " tag="338"><subfield code="b">vd</subfield><subfield code="2">rdacarrier</subfield></datafield><datafield ind1=" " ind2=" " tag="500"><subfield code="a">Un prod.: Les Films Alain Sarde, cop. 2004</subfield></datafield><datafield ind1=" " ind2=" " tag="500"><subfield code="a">Titre original: Kad je zivot bio cudo</subfield></datafield><datafield ind1=" " ind2=" " tag="500"><subfield code="a">Choix de langues: Serbe, français. Sous-titres: Français</subfield></datafield><datafield ind1=" " ind2=" " tag="500"><subfield code="a">Format: 1.85 - 16/9 compatible 4/3 (zone 2)</subfield></datafield><datafield ind1=" " ind2=" " tag="500"><subfield code="a">Durée du film: 149 min.</subfield></datafield><datafield ind1="0" ind2=" " tag="505"><subfield code="a">DVD 1: Le film</subfield></datafield><datafield ind1="0" ind2=" " tag="505"><subfield code="a">DVD 2: Making of (43') ; Masterclass Emir Kusturica (45') ; Partie Rom pédagogique avec interview du réalisateur</subfield></datafield><datafield ind1=" " ind2=" " tag="508"><subfield code="a">Image Michel Amathieu ; montage Svetolik Mica Zajc ; décors Milenko Jeremic ; costumes Zora Popovic ; son Jérôme Thiault...</subfield></datafield><datafield ind1="0" ind2=" " tag="511"><subfield code="a">Slavko Stimag ; Natasa Solak ; Vesna Trivalic ; Vuk Kostic ; Aleksandar Bercek ; Stribor Kusturica ; Nikola Kojo ; Branislav Lalevic... et al</subfield></datafield><datafield ind1="8" ind2=" " tag="520"><subfield code="a">&quot;Bosnie, 1992 : Luka est un ingénieur sans histoire, chargé de moderniser une ligne de chemin de fer. La guerre éclate. Son fils part au combat, sa femme le quitte. Sa vie bascule quand il reçoit la garde d'une prisonnière mulsumane et en tombe amoureux.&quot;</subfield><subfield code="5">RERO/geumem/12.2007</subfield></datafield><datafield ind1="8" ind2=" " tag="520"><subfield code="a">Comédie dramatique</subfield><subfield code="5">RERO/vsbcce/10.2015</subfield></datafield><datafield ind1=" " ind2="7" tag="655"><subfield code="a">DVD</subfield><subfield code="0">(IDREF)035108444</subfield><subfield code="2">idref</subfield></datafield><datafield ind1=" " ind2="7" tag="655"><subfield code="a">Films de fiction</subfield><subfield code="0">(IDREF)14779644X</subfield><subfield code="2">idref</subfield></datafield><datafield ind1="1" ind2=" " tag="700"><subfield code="a">Kusturica, Emir</subfield><subfield code="0">(RERO)A013695763</subfield></datafield><datafield ind1="1" ind2=" " tag="700"><subfield code="a">Božić, Ranko</subfield><subfield code="d">19..-....</subfield><subfield code="0">(IDREF)087105675</subfield></datafield><datafield ind1="1" ind2=" " tag="700"><subfield code="a">Sparavalo, Dejan</subfield><subfield code="d">19..-....</subfield><subfield code="0">(IDREF)08710573X</subfield></datafield><datafield ind1="1" ind2=" " tag="700"><subfield code="a">Sarde, Alain</subfield><subfield code="d">1952-....</subfield><subfield code="0">(IDREF)070489378</subfield></datafield></record>
</metadata></record>