<record><header><identifier>oai:alma.41SLSP_UGE:991000051379705502</identifier><datestamp>2023-03-01T01:08:52Z</datestamp><setSpec>uge_bcen_RapidILL_BOOK</setSpec><setSpec>uge_aaca_RapidILL_BOOK</setSpec><setSpec>uge_abels_RapidILL_BOOK</setSpec><setSpec>uge_dbu_RapidILL_BOOK</setSpec><setSpec>uge_cmu_RapidILL_BOOK</setSpec><setSpec>uge_mail_RapidILL_BOOK</setSpec><setSpec>UNIGE_ALL</setSpec><setSpec>uge_abbat_RapidILL_BOOK</setSpec><setSpec>uge_aobs_RapidILL_BOOK</setSpec><setSpec>uge_acar_RapidILL_BOOK</setSpec></header><metadata>
<record xmlns="http://www.loc.gov/MARC21/slim" xmlns:xsi="http://www.w3.org/2001/XMLSchema-instance" xsi:schemaLocation="http://www.loc.gov/MARC21/slim http://www.loc.gov/standards/marcxml/schema/MARC21slim.xsd"><leader>01229nam a2200313 c 4500</leader><controlfield tag="001">991000051379705502</controlfield><controlfield tag="005">20210207212833.0</controlfield><controlfield tag="008">981016s1986    xxk||||| |||| 00| ||eng d</controlfield><datafield ind1=" " ind2=" " tag="020"><subfield code="a">0080320201</subfield></datafield><datafield ind1=" " ind2=" " tag="035"><subfield code="a">(swissbib)093737335-41slsp_network</subfield></datafield><datafield ind1=" " ind2=" " tag="035"><subfield code="a">093737335</subfield><subfield code="9">ExL</subfield></datafield><datafield ind1=" " ind2=" " tag="035"><subfield code="a">(RERO)R237748960-41slsp</subfield></datafield><datafield ind1=" " ind2=" " tag="035"><subfield code="a">(EXLNZ-41SLSP_NETWORK)991084837499705501</subfield></datafield><datafield ind1=" " ind2=" " tag="040"><subfield code="a">RERO geussc</subfield><subfield code="d">CH-ZuSLS</subfield></datafield><datafield ind1=" " ind2="7" tag="072"><subfield code="a">pa</subfield><subfield code="2">rero</subfield></datafield><datafield ind1="0" ind2="0" tag="245"><subfield code="a">Pharmacokinetics</subfield><subfield code="b">theory and methodology</subfield><subfield code="c">eds Malcolm Rowland and Geoffrey T. Tucker</subfield></datafield><datafield ind1=" " ind2="1" tag="264"><subfield code="a">Oxford [etc.]</subfield><subfield code="b">Pergamon Press</subfield><subfield code="c">1986</subfield></datafield><datafield ind1=" " ind2=" " tag="300"><subfield code="a">XIX, 444 p.</subfield><subfield code="b">ill.</subfield><subfield code="c">28 cm</subfield></datafield><datafield ind1=" " ind2=" " tag="336"><subfield code="b">txt</subfield><subfield code="2">rdacontent</subfield></datafield><datafield ind1=" " ind2=" " tag="337"><subfield code="b">n</subfield><subfield code="2">rdamedia</subfield></datafield><datafield ind1=" " ind2=" " tag="338"><subfield code="b">nc</subfield><subfield code="2">rdacarrier</subfield></datafield><datafield ind1="1" ind2=" " tag="490"><subfield code="a">International encyclopedia of pharmacology and therapeutics</subfield><subfield code="v">section 122</subfield></datafield><datafield ind1=" " ind2=" " tag="500"><subfield code="a">Published as supplement 22(1986) to the review journal &quot;Pharmacology and therapeutics&quot;</subfield></datafield><datafield ind1=" " ind2="2" tag="650"><subfield code="a">Kinetics</subfield></datafield><datafield ind1=" " ind2="2" tag="650"><subfield code="a">Pharmaceutical Preparations</subfield><subfield code="x">administration &amp; dosage</subfield></datafield><datafield ind1=" " ind2="2" tag="650"><subfield code="a">Pharmaceutical Preparations</subfield><subfield code="x">metabolism</subfield></datafield><datafield ind1="1" ind2=" " tag="700"><subfield code="a">Rowland, Malcolm</subfield><subfield code="d">1939-....</subfield><subfield code="0">(IDREF)033225869</subfield></datafield><datafield ind1="1" ind2=" " tag="700"><subfield code="a">Tucker, Geoffrey T.</subfield><subfield code="0">(IDREF)035245115</subfield></datafield><datafield ind1=" " ind2="0" tag="830"><subfield code="a">International encyclopedia of pharmacology and therapeutics</subfield><subfield code="v">122</subfield><subfield code="w">(RERO)1580586-41slsp</subfield></datafield><datafield ind1=" " ind2=" " tag="900"><subfield code="a">REROnoselfmerge</subfield></datafield></record>
</metadata></record>