<record><header><identifier>oai:alma.41SLSP_UGE:991000051899705502</identifier><datestamp>2023-03-31T00:19:26Z</datestamp><setSpec>uge_bcen_RapidILL_BOOK</setSpec><setSpec>uge_aaca_RapidILL_BOOK</setSpec><setSpec>uge_abels_RapidILL_BOOK</setSpec><setSpec>uge_dbu_RapidILL_BOOK</setSpec><setSpec>uge_cmu_RapidILL_BOOK</setSpec><setSpec>uge_mail_RapidILL_BOOK</setSpec><setSpec>uge_abbat_RapidILL_BOOK</setSpec><setSpec>UNIGE_ALL</setSpec><setSpec>uge_acar_RapidILL_BOOK</setSpec><setSpec>uge_aobs_RapidILL_BOOK</setSpec></header><metadata>
<record xmlns="http://www.loc.gov/MARC21/slim" xmlns:xsi="http://www.w3.org/2001/XMLSchema-instance" xsi:schemaLocation="http://www.loc.gov/MARC21/slim http://www.loc.gov/standards/marcxml/schema/MARC21slim.xsd"><leader>01422nam a2200325 c 4500</leader><controlfield tag="001">991000051899705502</controlfield><controlfield tag="005">20230330224605.0</controlfield><controlfield tag="008">121105m19251928xr ||||| |||| 00| ||cze d</controlfield><datafield ind1=" " ind2=" " tag="035"><subfield code="a">(swissbib)116606371-41slsp_network</subfield></datafield><datafield ind1=" " ind2=" " tag="035"><subfield code="a">116606371</subfield><subfield code="9">ExL</subfield></datafield><datafield ind1=" " ind2=" " tag="035"><subfield code="a">(RERO)R007175665-41slsp</subfield></datafield><datafield ind1=" " ind2=" " tag="035"><subfield code="a">(EXLNZ-41SLSP_NETWORK)991076835619705501</subfield></datafield><datafield ind1=" " ind2=" " tag="040"><subfield code="a">Sz</subfield><subfield code="d">CH-ZuSLS</subfield></datafield><datafield ind1="1" ind2=" " tag="041"><subfield code="a">cze</subfield><subfield code="h">fre</subfield></datafield><datafield ind1=" " ind2="7" tag="072"><subfield code="a">pe</subfield><subfield code="2">rero</subfield></datafield><datafield ind1="1" ind2=" " tag="100"><subfield code="a">Claparède, Édouard</subfield><subfield code="d">1873-1940</subfield><subfield code="0">(IDREF)030779227</subfield><subfield code="4">cre</subfield></datafield><datafield ind1="1" ind2="0" tag="245"><subfield code="a">Psychologie dítěte</subfield><subfield code="b">a experimentální pedagogika</subfield><subfield code="c">Ed. Claparède ; podle osmého vydání z roku 1920 prěložili Bohuslav Kratochvíl a Ludmila Ondrūjová ; prĕklad prohlédli Otokar Chlup a Stanislav Velinsky</subfield></datafield><datafield ind1=" " ind2="1" tag="264"><subfield code="a">Brně</subfield><subfield code="b">Nákladem Ústředního spolku jednot učitelskych na Moravě</subfield><subfield code="c">1925-1928</subfield></datafield><datafield ind1=" " ind2=" " tag="300"><subfield code="a">2 vol.</subfield></datafield><datafield ind1=" " ind2=" " tag="336"><subfield code="b">txt</subfield><subfield code="2">rdacontent</subfield></datafield><datafield ind1=" " ind2=" " tag="337"><subfield code="b">n</subfield><subfield code="2">rdamedia</subfield></datafield><datafield ind1=" " ind2=" " tag="338"><subfield code="b">nc</subfield><subfield code="2">rdacarrier</subfield></datafield><datafield ind1="1" ind2=" " tag="490"><subfield code="a">Pedagogické studium</subfield><subfield code="v">svazek 4</subfield></datafield><datafield ind1=" " ind2=" " tag="500"><subfield code="a">Traduit de: Psychologie de l'enfant et pédagogie expérimentale</subfield></datafield><datafield ind1="0" ind2=" " tag="505"><subfield code="a">Díl 1: Úvod, problémy, metody. - 1925</subfield></datafield><datafield ind1="0" ind2=" " tag="505"><subfield code="a">Díl 2: Histrický přehled. - 1928</subfield></datafield><datafield ind1=" " ind2="7" tag="650"><subfield code="a">Éducation des enfants</subfield><subfield code="0">(IDREF)027354865</subfield><subfield code="2">idref</subfield></datafield><datafield ind1=" " ind2="7" tag="650"><subfield code="a">Psychologie de l'éducation</subfield><subfield code="0">(IDREF)027241688</subfield><subfield code="2">idref</subfield></datafield><datafield ind1=" " ind2=" " tag="830"><subfield code="a">Pedagogické studium</subfield><subfield code="v">4</subfield><subfield code="w">(RERO)R007175661-41slsp</subfield></datafield><datafield ind1=" " ind2=" " tag="900"><subfield code="a">REROnoselfmerge</subfield></datafield><datafield ind1=" " ind2=" " tag="910"><subfield code="a">BN</subfield><subfield code="b">20121105</subfield></datafield><datafield ind1=" " ind2=" " tag="990"><subfield code="a">aircla</subfield><subfield code="9">LOCAL</subfield></datafield></record>
</metadata></record>