<record><header><identifier>oai:alma.41SLSP_UGE:991000052319705502</identifier><datestamp>2023-03-01T01:08:52Z</datestamp><setSpec>UNIGE_ALL</setSpec></header><metadata>
<record xmlns="http://www.loc.gov/MARC21/slim" xmlns:xsi="http://www.w3.org/2001/XMLSchema-instance" xsi:schemaLocation="http://www.loc.gov/MARC21/slim http://www.loc.gov/standards/marcxml/schema/MARC21slim.xsd"><leader>00942njm a22002777c 4500</leader><controlfield tag="001">991000052319705502</controlfield><controlfield tag="005">20201222211047.0</controlfield><controlfield tag="007">sd b||||||||||</controlfield><controlfield tag="008">110122s1980    xx ||n |            und d</controlfield><datafield ind1="0" ind2="2" tag="028"><subfield code="a">Deutsche Grammophon LC 0173</subfield></datafield><datafield ind1=" " ind2=" " tag="035"><subfield code="a">(swissbib)113540035-41slsp_network</subfield></datafield><datafield ind1=" " ind2=" " tag="035"><subfield code="a">113540035</subfield><subfield code="9">ExL</subfield></datafield><datafield ind1=" " ind2=" " tag="035"><subfield code="a">(RERO)R006018853-41slsp</subfield></datafield><datafield ind1=" " ind2=" " tag="035"><subfield code="a">(EXLNZ-41SLSP_NETWORK)991056882249705501</subfield></datafield><datafield ind1=" " ind2=" " tag="040"><subfield code="a">RERO geulmu</subfield><subfield code="d">CH-ZuSLS</subfield></datafield><datafield ind1=" " ind2="7" tag="072"><subfield code="a">mu</subfield><subfield code="2">rero</subfield></datafield><datafield ind1="1" ind2=" " tag="100"><subfield code="a">Tchaïkovski, Piotr Ilitch</subfield><subfield code="d">1840-1893</subfield><subfield code="0">(IDREF)027780090</subfield><subfield code="4">cre</subfield></datafield><datafield ind1="1" ind2="0" tag="245"><subfield code="a">&lt;&lt;Die&gt;&gt; Ballet-Suiten</subfield><subfield code="c">Piotr Ilitch Tchaïkovski</subfield></datafield><datafield ind1=" " ind2="1" tag="264"><subfield code="a">[Lieu de publication non identifié]</subfield><subfield code="b">[éditeur non identifié]</subfield><subfield code="c">1980</subfield></datafield><datafield ind1=" " ind2=" " tag="300"><subfield code="a">1 disque sonore</subfield><subfield code="b">33 t.</subfield></datafield><datafield ind1=" " ind2=" " tag="336"><subfield code="b">prm</subfield><subfield code="2">rdacontent</subfield></datafield><datafield ind1=" " ind2=" " tag="337"><subfield code="b">s</subfield><subfield code="2">rdamedia</subfield></datafield><datafield ind1=" " ind2=" " tag="338"><subfield code="b">sd</subfield><subfield code="2">rdacarrier</subfield></datafield><datafield ind1=" " ind2=" " tag="500"><subfield code="a">Formation: orchestre symphonique</subfield></datafield><datafield ind1="0" ind2=" " tag="505"><subfield code="a">[Roméo et Juliette. Orchestre]</subfield></datafield><datafield ind1="1" ind2=" " tag="700"><subfield code="a">Karajan, Herbert von</subfield><subfield code="d">1908-1989</subfield><subfield code="0">(IDREF)029123240</subfield></datafield><datafield ind1=" " ind2=" " tag="900"><subfield code="a">REROnoselfmerge</subfield></datafield><datafield ind1=" " ind2=" " tag="960"><subfield code="2">matmu</subfield><subfield code="a">Russie ; Romantisme ; XIXe ; Suite de ballet ; Suites ; Ballets</subfield><subfield code="9">LOCAL</subfield></datafield></record>
</metadata></record>