<record><header><identifier>oai:alma.41SLSP_UGE:991000052009705502</identifier><datestamp>2023-03-01T01:08:52Z</datestamp><setSpec>uge_bcen_RapidILL_BOOK</setSpec><setSpec>uge_aaca_RapidILL_BOOK</setSpec><setSpec>uge_abels_RapidILL_BOOK</setSpec><setSpec>uge_dbu_RapidILL_BOOK</setSpec><setSpec>uge_cmu_RapidILL_BOOK</setSpec><setSpec>uge_mail_RapidILL_BOOK</setSpec><setSpec>UNIGE_ALL</setSpec><setSpec>uge_abbat_RapidILL_BOOK</setSpec><setSpec>uge_aobs_RapidILL_BOOK</setSpec><setSpec>uge_acar_RapidILL_BOOK</setSpec></header><metadata>
<record xmlns="http://www.loc.gov/MARC21/slim" xmlns:xsi="http://www.w3.org/2001/XMLSchema-instance" xsi:schemaLocation="http://www.loc.gov/MARC21/slim http://www.loc.gov/standards/marcxml/schema/MARC21slim.xsd"><leader>02017nam a2200325 c 4500</leader><controlfield tag="001">991000052009705502</controlfield><controlfield tag="005">20201227133344.0</controlfield><controlfield tag="008">020625s2000    ru ||||| |||| 00| ||rus d</controlfield><datafield ind1=" " ind2=" " tag="020"><subfield code="a">5941170025</subfield></datafield><datafield ind1=" " ind2=" " tag="035"><subfield code="a">(swissbib)097938971-41slsp_network</subfield></datafield><datafield ind1=" " ind2=" " tag="035"><subfield code="a">097938971</subfield><subfield code="9">ExL</subfield></datafield><datafield ind1=" " ind2=" " tag="035"><subfield code="a">(RERO)R003208207-41slsp</subfield></datafield><datafield ind1=" " ind2=" " tag="035"><subfield code="a">(EXLNZ-41SLSP_NETWORK)991043714379705501</subfield></datafield><datafield ind1=" " ind2=" " tag="040"><subfield code="a">RERO geulru</subfield><subfield code="d">CH-ZuSLS</subfield></datafield><datafield ind1=" " ind2="7" tag="072"><subfield code="a">ru</subfield><subfield code="2">rero</subfield></datafield><datafield ind1="1" ind2=" " tag="100"><subfield code="6">880-01</subfield><subfield code="a">Levitanski, Iouri Davydovitch</subfield><subfield code="d">1922-1996</subfield><subfield code="0">(IDREF)059517891</subfield><subfield code="4">cre</subfield></datafield><datafield ind1="1" ind2=" " tag="880"><subfield code="6">100-01/(N</subfield><subfield code="a">Левитанский, Юрий Давидович</subfield></datafield><datafield ind1="1" ind2="0" tag="245"><subfield code="6">880-02</subfield><subfield code="a">&lt;&lt;&quot;...&gt;&gt;god dve tysi︠a︡chi&quot;</subfield><subfield code="c">I︠U︡riĭ Levitanskiĭ</subfield></datafield><datafield ind1="1" ind2="0" tag="880"><subfield code="6">245-02/(N</subfield><subfield code="a">&lt;&lt;&quot;...&gt;&gt;год две тысячи&quot;</subfield><subfield code="c">Юрий Левитанский</subfield></datafield><datafield ind1="1" ind2=" " tag="246"><subfield code="a">&quot;...god dve tysjači&quot; / Jurij Levitanski</subfield></datafield><datafield ind1=" " ind2="1" tag="264"><subfield code="6">880-03</subfield><subfield code="a">Moskva</subfield><subfield code="b">Vremja</subfield><subfield code="c">2000</subfield></datafield><datafield ind1=" " ind2="1" tag="880"><subfield code="6">264-03/(N</subfield><subfield code="a">Москва</subfield><subfield code="b">Время</subfield><subfield code="c">2000</subfield></datafield><datafield ind1=" " ind2=" " tag="300"><subfield code="a">622 p.</subfield><subfield code="c">17 cm</subfield></datafield><datafield ind1=" " ind2=" " tag="336"><subfield code="b">txt</subfield><subfield code="2">rdacontent</subfield></datafield><datafield ind1=" " ind2=" " tag="337"><subfield code="b">n</subfield><subfield code="2">rdamedia</subfield></datafield><datafield ind1=" " ind2=" " tag="338"><subfield code="b">nc</subfield><subfield code="2">rdacarrier</subfield></datafield><datafield ind1="1" ind2=" " tag="490"><subfield code="6">880-04</subfield><subfield code="a">Poėtičeskaja biblioteka</subfield></datafield><datafield ind1="0" ind2=" " tag="880"><subfield code="6">490-04/(N</subfield><subfield code="a">Поэтическая библиотека</subfield></datafield><datafield ind1=" " ind2=" " tag="830"><subfield code="6">880-05</subfield><subfield code="a">Poėticheskai︠a︡ biblioteka</subfield><subfield code="p">Vremi︠a︡</subfield><subfield code="w">(RERO)R003130442-41slsp</subfield></datafield><datafield ind1=" " ind2="0" tag="880"><subfield code="6">830-05/(N</subfield><subfield code="a">Поэтическая библиотека</subfield><subfield code="p">Время</subfield></datafield><datafield ind1=" " ind2=" " tag="900"><subfield code="a">REROnoselfmerge</subfield></datafield></record>
</metadata></record>