<record><header><identifier>oai:alma.41SLSP_UGE:991000051799705502</identifier><datestamp>2023-07-01T00:15:27Z</datestamp><setSpec>uge_bcen_RapidILL_BOOK</setSpec><setSpec>uge_aaca_RapidILL_BOOK</setSpec><setSpec>uge_abels_RapidILL_BOOK</setSpec><setSpec>uge_dbu_RapidILL_BOOK</setSpec><setSpec>uge_cmu_RapidILL_BOOK</setSpec><setSpec>uge_mail_RapidILL_BOOK</setSpec><setSpec>uge_abbat_RapidILL_BOOK</setSpec><setSpec>UNIGE_ALL</setSpec><setSpec>uge_aobs_RapidILL_BOOK</setSpec><setSpec>uge_acar_RapidILL_BOOK</setSpec></header><metadata>
<record xmlns="http://www.loc.gov/MARC21/slim" xmlns:xsi="http://www.w3.org/2001/XMLSchema-instance" xsi:schemaLocation="http://www.loc.gov/MARC21/slim http://www.loc.gov/standards/marcxml/schema/MARC21slim.xsd"><leader>01467nam a2200361 c 4500</leader><controlfield tag="001">991000051799705502</controlfield><controlfield tag="005">20230630213508.0</controlfield><controlfield tag="008">100330s2009    fr ||||| |||| 11| ||fre d</controlfield><datafield ind1=" " ind2=" " tag="020"><subfield code="a">9782233005793</subfield></datafield><datafield ind1=" " ind2=" " tag="035"><subfield code="a">(swissbib)110167937-41slsp_network</subfield></datafield><datafield ind1=" " ind2=" " tag="035"><subfield code="a">110167937</subfield><subfield code="9">ExL</subfield></datafield><datafield ind1=" " ind2=" " tag="035"><subfield code="a">(RERO)R005417566-41slsp</subfield></datafield><datafield ind1=" " ind2=" " tag="035"><subfield code="a">(EXLNZ-41SLSP_NETWORK)991132661929705501</subfield></datafield><datafield ind1=" " ind2=" " tag="040"><subfield code="a">RERO frbcuc</subfield><subfield code="d">CH-ZuSLS</subfield></datafield><datafield ind1="0" ind2=" " tag="041"><subfield code="a">eng</subfield><subfield code="a">fre</subfield></datafield><datafield ind1=" " ind2="7" tag="072"><subfield code="a">dr</subfield><subfield code="2">rero</subfield></datafield><datafield ind1=" " ind2=" " tag="084"><subfield code="a">D 19.3 e</subfield><subfield code="2">cjurrom</subfield></datafield><datafield ind1="0" ind2="0" tag="245"><subfield code="a">&lt;&lt;La&gt;&gt; lutte contre le financement du terrorisme</subfield><subfield code="b">perspective transatlantique = The fight against terrorist financing : a transatlantic perspective</subfield><subfield code="c">sous la dir. de Jean-Marc Sorel</subfield></datafield><datafield ind1="1" ind2=" " tag="246"><subfield code="a">Fight against terrorist financing</subfield></datafield><datafield ind1=" " ind2="1" tag="264"><subfield code="a">Paris</subfield><subfield code="b">Pedone</subfield><subfield code="c">2009</subfield></datafield><datafield ind1=" " ind2=" " tag="300"><subfield code="a">210 p.</subfield></datafield><datafield ind1=" " ind2=" " tag="336"><subfield code="b">txt</subfield><subfield code="2">rdacontent</subfield></datafield><datafield ind1=" " ind2=" " tag="337"><subfield code="b">n</subfield><subfield code="2">rdamedia</subfield></datafield><datafield ind1=" " ind2=" " tag="338"><subfield code="b">nc</subfield><subfield code="2">rdacarrier</subfield></datafield><datafield ind1="1" ind2=" " tag="490"><subfield code="a">Collection des cahiers internationaux</subfield><subfield code="v">no 21</subfield></datafield><datafield ind1=" " ind2="7" tag="650"><subfield code="a">internationales Strafrecht</subfield><subfield code="9">ger</subfield><subfield code="0">(RERO)jurivoc000011986ger</subfield><subfield code="2">jurivoc</subfield></datafield><datafield ind1=" " ind2="7" tag="650"><subfield code="a">Terrorismus</subfield><subfield code="9">ger</subfield><subfield code="0">(RERO)jurivoc000022415ger</subfield><subfield code="2">jurivoc</subfield></datafield><datafield ind1=" " ind2="7" tag="650"><subfield code="a">Finanzierung(allgemein)</subfield><subfield code="9">ger</subfield><subfield code="0">(RERO)jurivoc000008365ger</subfield><subfield code="2">jurivoc</subfield></datafield><datafield ind1=" " ind2="7" tag="650"><subfield code="a">international</subfield><subfield code="9">ger</subfield><subfield code="0">(RERO)jurivoc000011874ger</subfield><subfield code="2">jurivoc</subfield></datafield><datafield ind1=" " ind2="7" tag="650"><subfield code="a">Terrorisme</subfield><subfield code="0">(IDREF)048655945</subfield><subfield code="2">idref</subfield></datafield><datafield ind1=" " ind2="7" tag="650"><subfield code="a">Droit pénal international</subfield><subfield code="0">(IDREF)031019706</subfield><subfield code="2">idref</subfield></datafield><datafield ind1=" " ind2="7" tag="650"><subfield code="a">Finances</subfield><subfield code="0">(IDREF)027606511</subfield><subfield code="2">idref</subfield></datafield><datafield ind1="1" ind2=" " tag="700"><subfield code="a">Sorel, Jean-Marc</subfield><subfield code="d">1960-....</subfield><subfield code="0">(IDREF)03087517X</subfield></datafield><datafield ind1=" " ind2="0" tag="830"><subfield code="a">Cahiers du CEDIN</subfield><subfield code="v">21</subfield><subfield code="w">(RERO)0868073-41slsp</subfield></datafield><datafield ind1=" " ind2=" " tag="961"><subfield code="2">gsi</subfield><subfield code="a">323.28</subfield><subfield code="9">LOCAL</subfield></datafield></record>
</metadata></record><resumptionToken>1900-01-01@all@UNIGE_ALL@marc21@5986466670005502</resumptionToken></ListRecords></OAI-PMH>